2842 4920
95 345 281 400 diletione
309 344 528 400 tstthlnrlun
557 326 595 399 n‘l
622 345 799 399 nnnnrrun
829 347 866 398 llll
893 345 1037 398 rullrto.
1110 346 1153 399 189

72 451 179 509 rulariis
197 450 351 508 collibistas
368 451 504 507 lacerent.

72 529 144 580 ntem
166 523 270 579 dicitur
284 523 357 594 apud
374 539 423 578 eos
440 522 506 578 vilia

72 613 92 662 s,
110 600 140 652 ut
154 595 265 663 ciceris,
282 600 309 650 et
323 611 384 650 uvae
402 610 503 664 passae,

72 682 120 734 rm,
141 674 169 723 et
193 667 237 721 his
255 664 366 722 similia.
389 665 505 721 Collibi-

73 739 137 795 licet
149 738 257 811 proilla
267 737 505 793 accommodatio-

73 828 95 865 ce
109 826 166 865 uon
183 813 343 881 reciperent
358 811 505 880 pecuniam

72 898 126 947 eru,
143 880 317 952 recipiebant
333 884 426 935 tomen
444 896 506 935 mu·

72 955 149 1020 enta,
164 951 244 1022 quasi
261 951 338 1022 qued
351 951 379 1005 in
392 967 507 1006 nummo

72 1031 103 1091 rt,
113 1024 141 1079 in
155 1023 199 1079 his
212 1025 298 1079 rebus
310 1039 373 1093 quce
384 1023 507 1078 uunnnis

75 1095 209 1161 eliceret,
230 1094 305 1165 quod
323 1094 509 1165 prohibuerat

72 1166 225 1238 ritupecans
235 1182 294 1229 eos,
309 1182 432 1227 inuenere,
446 1182 508 1220 usu-

72 1239 331 1309 qrerobundontlom
354 1237 506 1308 accepisse.

72 1310 110 1366 lie
127 1309 208 1366 multi
226 1308 369 1391 predictis
386 1316 451 1364 sunt
469 1306 507 1363 si-

72 1398 142 1437 rcam
165 1388 192 1436 et
212 1380 363 1436 simoniam
384 1382 437 1436 sub
457 1397 508 1434 uo-

74 1454 147 1519 latis,
167 1452 211 1507 rel
230 1451 411 1517 gratitudinis
427 1451 507 1522 palli-

72 1524 113 1580 lde
127 1524 321 1594 periculosum
336 1529 378 1578 est
392 1538 509 1578 munera

95 1596 160 1667 quin
182 1596 218 1651 ad
246 1597 298 1649 hoc
326 1600 369 1650 est
394 1594 509 1650 liberta·

72 1682 119 1723 sce.
132 1667 212 1723 L'nde
224 1666 264 1722 ait
275 1669 392 1722 Seneeo:
406 1690 419 1716 e
432 1668 511 1733 Quae·

73 1738 126 1795 uita
142 1738 224 1795 uobis
238 1738 379 1809 ridentur,
394 1755 456 1809 qua¹
467 1754 511 1794 ea-

72 1817 190 1879 eustant,
207 1827 258 1882 pro
274 1809 378 1881 quibus
389 1814 511 1865 nosmet-

72 1884 214 1948 rendimus,
230 1899 293 1954 quse
312 1898 407 1938 emere
422 1882 510 1937 nolle-

72 1955 137 2011 robis
158 1955 261 2009 domus
279 1962 375 2008 nostra
390 1970 440 2025 pro
457 1952 512 2008 illis

74 2026 116 2095 de,
132 2026 155 2081 si
170 2042 313 2081 arrrmnum
327 2025 441 2095 aliquod
457 2025 512 2080 sru-

74 2097 260 2169 epraedium3
286 2096 350 2151 ideo
376 2096 444 2151 uihil
470 2101 512 2150 est

72 2169 189 2224 eritius.
215 2167 307 2223 Nostri
327 2184 466 2227 essemus,
488 2165 510 2221 si

72 2256 95 2295 ca
114 2256 171 2295 uon
187 2245 296 2306 essent3
318 2238 445 2309 quisquis
459 2255 511 2294 uo-

72 2317 123 2366 tam
150 2327 234 2381 agere
252 2309 337 2365 vitam
356 2311 440 2377 volet,
460 2309 513 2366 ista

72 2383 192 2438 erreficia
216 2382 331 2450 devitet,
358 2381 385 2435 in
409 2380 511 2451 quibus

72 2453 222 2509 ilallrmur.
238 2454 366 2524 Sapiens,
379 2469 443 2508 cum
458 2451 512 2520 pri·

91 2525 265 2587 munuscula,
287 2541 303 2578 a
322 2525 432 2579 theatro
452 2539 512 2578 sur-

72 2599 104 2651 rit
128 2611 232 2665 magua
255 2612 342 2666 parvo
365 2600 510 2662 constare;

72 2668 171 2733 aedam,
200 2683 304 2736 magno
332 2665 511 2720 incommodo

72 2738 228 2795 teuelicium
247 2736 375 2809 accipere
394 2736 508 2792 liberta-

73 2827 119 2867 ere
138 2816 204 2866 est:
223 2832 235 2861 »
253 2811 313 2863 hae
331 2811 441 2865 Seneca.
459 2806 511 2865 Ubi

72 2889 169 2939 stemus
182 2902 188 2935 :
202 2902 215 2929 n
229 2885 354 2937 hocerat
367 2878 511 2950 proprium

72 2996 77 3023 ,
98 2960 129 3010 ut
152 2953 268 3009 veniens
291 2951 384 3025 primo
404 2952 440 3007 ad
458 2952 510 3006 do-

72 3032 154 3081 ·reret
181 3024 290 3090 Patris,
317 3028 345 3079 et
371 3024 510 3079 honorem

75 3096 114 3152 illi
136 3096 183 3166 qni
204 3095 303 3166 genuit
322 3111 397 3150 eum.
417 3097 451 3150 Et
470 3101 510 3158 tu,

72 3167 173 3225 Christi
197 3169 297 3234 laetus,
319 3183 381 3222 cum
403 3165 433 3221 iu
458 3166 510 3222 all-

74 3256 170 3296 ressns
185 3238 271 3295 lueris
286 3238 439 3305 civitatem,
455 3237 511 3308 pri-

74 3327 223 3367 eomneru
246 3314 339 3365 actum
359 3310 395 3364 ad
418 3309 509 3365 ecele-

72 3399 117 3438 us.
132 3385 165 3437 nt
177 3386 228 3438 hoc
243 3388 303 3437 erat
314 3380 380 3437 boui
395 3379 508 3449 medici,

73 3471 120 3511 sus
143 3454 179 3509 ad
203 3453 345 3508 infirmam
368 3451 509 3508 civitalem

72 3541 90 3589 r,
101 3524 223 3598 primum
239 3524 274 3579 ad
290 3522 428 3585 originem
446 3526 510 3580 Pas-

72 3598 198 3652 enderct.
215 3598 283 3651 llam
300 3594 373 3650 sicut
387 3595 422 3650 de
436 3599 508 3651 tem·

82 3669 188 3725 bouum
205 3667 363 3738 egreditur3
378 3665 417 3721 sie
431 3674 459 3721 el
475 3667 509 3722 de

72 3756 126 3796 nne
140 3739 244 3795 malurn
256 3737 392 3809 procedit.
406 3739 509 3804 Quem-

72 3810 226 3867 rmedicus
251 3810 363 3880 quaudo
387 3809 509 3879 primum

71 3883 131 3940 rad
145 3882 300 3947 infirmum,
316 3882 350 3936 cle
364 3882 509 3936 stomacho

72 3959 175 4025 erogat,
202 3961 231 4010 et
253 3969 317 4009 euru
342 3967 510 4022 componere

73 4025 141 4097 quia,
158 4025 180 4080 si
194 4026 357 4081 stomachus
369 4024 478 4080 sanusl
497 4053 510 4066 -

72 4114 90 4154 u
102 4114 205 4169 corpus
218 4097 338 4153 validum
350 4098 413 4163 erit,
430 4097 451 4150 si
463 4110 511 4150 au-

76 4175 157 4242 patns
180 4168 274 4235 luerit,
301 4172 386 4223 totum
409 4182 511 4238 corpus

79 4247 136 4310 est;
152 4240 193 4297 ita
205 4241 228 4296 si
241 4238 429 4296 sacerdotium
442 4238 510 4293 iute-

72 4315 129 4385 srit,
150 4318 210 4369 tota
230 4311 355 4370 Ecclesia
373 4312 467 4379 floret,
486 4312 509 4367 sl

559 449 1150 531 autemcorruptumiucrit,lidesmarcida

560 528 612 578 est.
630 523 685 578 Cor
704 537 780 578 enun
797 527 824 576 et
839 523 1000 578 stomachus
1016 522 1149 579 sacerdu-

561 593 631 649 tium
645 592 821 662 intelligitur,
838 595 904 663 quia
918 592 946 648 in
961 593 1046 649 rebus
1063 591 1150 665 spiri-

561 665 684 721 tualibus
698 679 749 736 per
763 680 811 720 eos
822 669 899 720 lotus
913 665 1033 735 populus
1047 666 1150 735 guber·

560 743 652 793 natur.
666 736 744 792 Sicut
756 735 831 791 enirn
848 752 897 791 cor
908 736 1056 806 sapientiae
1070 736 1149 792 locus

561 814 617 873 cst;
642 807 681 862 ita
703 807 865 863 sacerdotes
887 809 1064 879 receptacula
1083 814 1151 864 suut

561 878 708 951 sapientiae
723 877 887 949 spiritualis.
906 881 939 934 Et
953 879 1025 935 sicut
1042 885 1149 935 stoma-

561 956 630 1007 chus
647 949 789 1022 accipiens
808 949 913 1017 cibum,
929 949 1024 1021 coquit
1039 968 1104 1007 eum
1121 952 1149 1008 iu

561 1021 726 1093 semetipso,
747 1030 773 1077 et
794 1038 844 1094 poc
864 1029 953 1078 totum
971 1039 1073 1092 corpus
1093 1022 1150 1078 dis·

561 1093 668 1166 pergit;
696 1093 736 1149 sic
764 1098 793 1148 ct
821 1094 982 1150 sacerdotes
1009 1094 1150 1166 accipiunt

562 1166 710 1222 scientiam
721 1164 872 1233 sermonis,
884 1182 935 1237 per
945 1165 1105 1236 Scripturas
1117 1182 1151 1221 ex

562 1240 631 1304 Dee,
652 1243 680 1293 et
703 1247 855 1306 coquentes
872 1252 936 1292 eam
954 1236 983 1292 iu
1003 1253 1044 1304 se,
1061 1236 1089 1293 id
1109 1242 1152 1293 est

563 1312 717 1364 tractantes
728 1313 756 1363 et
768 1307 938 1363 meditantes
952 1308 1026 1380 apud
1039 1325 1079 1376 se,
1091 1307 1152 1364 uni-

563 1396 644 1436 rerso
667 1380 772 1450 popolo
799 1379 1026 1436 subministrant.
1048 1379 1149 1435 Videte

564 1468 641 1521 ergo,
658 1450 831 1517 sacerdotes,
850 1451 993 1521 quomodo
1007 1467 1058 1506 vos
1073 1466 1149 1506 com·

563 1522 675 1595 portatis
690 1522 719 1577 in
743 1523 828 1577 verbo
852 1527 881 1577 et
896 1537 992 1592 opere,
1013 1521 1149 1604 quoniam

564 1595 635 1650 sicut
653 1595 681 1649 ln
702 1609 830 1662 corpore,
848 1592 871 1648 si
891 1593 1005 1665 aliquod
1021 1593 1150 1649 lufirma-

565 1672 624 1722 tom
647 1664 732 1721 luerit
754 1666 927 1734 membrum,
952 1681 1010 1721 nou
1033 1664 1149 1722 omuino

565 1738 680 1808 languet
700 1742 728 1793 et
747 1738 922 1805 stomachus,
938 1736 961 1792 si
980 1742 1075 1794 autem
1091 1743 1150 1794 sto·
1190 1790 1195 1799 .

565 1812 682 1865 machus
709 1808 875 1880 languescit,
899 1808 995 1866 omnia
1021 1810 1151 1866 membra

566 1880 749 1937 iru'euinntur
768 1881 899 1948 iufirma3
931 1880 971 1937 sic
998 1881 1021 1937 si
1047 1879 1150 1951 aliquis

566 1951 1150 2023 Christianorumpeccaverit,nonomniu0

566 2028 684 2095 peccent
699 2024 871 2087 sacerdotes,
881 2022 1009 2079 siautem
1020 2023 1151 2079 sacerdo·

567 2102 608 2152 tes
624 2093 728 2150 luerint
743 2093 922 2220 inpeccatis,
940 2099 1015 2150 totus
1029 2093 1151 2166 populus

566 2164 775 2222 convortitora
815 2165 1001 2237 peccandum.
1031 2165 1107 2233 ldeo,
1126 2163 1150 2221 si

566 2236 759 2307 unusquisque
778 2237 1003 2293 Christianorum
1024 2253 1076 2309 pro
1099 2252 1150 2294 suo

566 2316 680 2380 peccato
694 2308 908 2377 detractionem
922 2309 1085 2365 sacerdotes
1097 2323 1150 2364 au-

566 2387 622 2435 tem
640 2397 698 2435 non
711 2387 821 2436 tantum
837 2396 887 2452 pro
904 2380 971 2449 suis,
992 2381 1040 2436 scd
1057 2386 1085 2436 et
1099 2396 1150 2452 pro

566 2450 693 2507 omnium
711 2451 834 2532 peccatis
861 2451 953 2507 daturi
981 2456 1047 2508 suut
1065 2451 1150 2509 ratio·

567 2538 642 2578 nem.
659 2521 736 2578 Vidit
750 2524 882 2578 arborem
893 2522 1064 2594 pallentibus
1075 2521 1149 2579 loliis

566 2593 731 2663 marcidam,
747 2593 886 2650 intellexit
905 2593 1049 2650 studiosus
1073 2592 1149 2665 agri-

567 2666 638 2732 cola,
656 2664 722 2736 quia
737 2664 882 2721 laesionem
895 2664 925 2720 in
939 2664 1035 2722 radice
1050 2665 1147 2723 habet.

565 2738 636 2792 Nam
647 2754 711 2792 rere
722 2737 961 2806 quemadmodum
970 2753 1033 2792 cum
1044 2735 1150 2794 videris

566 2809 698 2864 arborem
714 2807 885 2879 pallentibus
896 2807 971 2864 loliis
982 2807 1148 2877 marcidam,

566 2878 701 2951 intelligis
714 2877 780 2950 quia
801 2878 925 2949 aliquam
938 2879 1051 2947 colpam
1063 2880 1150 2936 habet

566 2966 634 3022 erga
647 2951 789 3017 radicem;
805 2949 843 3005 ita
858 2966 921 3006 cum
938 2949 1042 3006 rideris
1056 2965 1148 3022 popu-

566 3022 623 3077 lum
640 3020 880 3091 indisciplinatum
903 3027 931 3077 et
945 3019 1147 3092 irreligiosum,

566 3092 720 3149 sinedubio
736 3108 874 3163 cognosce
884 3091 951 3164 quia
959 3093 1149 3154 sacerdotium

566 3165 627 3235 ejus
647 3181 702 3220 non
717 3169 760 3220 est
775 3180 877 3219 sanum
895 3182 901 3218 ε
917 3184 932 3217 o
956 3166 1016 3220 hcec
1032 3167 1148 3236 Chryso·

565 3251 676 3291 eomes.
692 3235 778 3292 Valde
789 3252 856 3306 ergo
872 3236 996 3292 dellendi
1012 3242 1077 3294 suut
1092 3238 1149 3295 cle·

565 3307 615 3362 rici
627 3307 741 3379 quando
751 3308 865 3375 cadunt,
877 3307 944 3378 quia
955 3324 1053 3365 eorum
1064 3325 1149 3368 casus

565 3385 606 3434 est
636 3378 727 3450 magis
758 3378 942 3451 periculosus.
968 3382 1048 3436 Unde
1071 3380 1147 3441 idem

564 3453 769 3520 chrysostomus
784 3471 793 3506 .·
809 3472 823 3501 n
840 3450 914 3507 Nihil
928 3451 957 3508 iu
973 3458 1084 3510 tantum
1099 3454 1148 3512 de-

564 3522 647 3579 struit
669 3522 822 3579 Ecclesiam
843 3522 902 3591 lmi,
929 3523 1002 3582 sicut
1030 3525 1148 3585 clericos

564 3595 644 3651 laicis
659 3611 722 3651 esse
739 3593 906 3651 deteriores.
927 3618 942 3647 »

599 3667 847 3724 btlrncuusrssna
866 3685 898 3722 er
913 3686 1090 3726 sronnrmrro
1103 3689 1149 3727 sa·

564 3756 657 3794 cunum
680 3756 830 3795 urrerrorns
844 3757 1017 3798 roznoennon
1031 3761 1064 3797 ou
1081 3760 1149 3798 ren·

565 3827 624 3866 eoo.
642 3841 675 3851 -
690 3811 815 3868 Cernens
829 3828 898 3883 ergo
912 3813 1048 3870 llomiuus
1058 3816 1085 3868 in
1101 3815 1149 3869 do-

564 3897 611 3937 mo
625 3882 717 3963 l‘atris
731 3883 775 3940 sui
802 3883 1024 3956 negotiationem
1043 3901 1092 3940 seu
1107 3885 1150 3941 la-

564 3953 717 4010 trocinium
733 3953 905 4020 istiusmodi,
915 3958 1019 4014 ardore
1030 3954 1149 4027 Spiritus

565 4024 733 4095 concitatos,
748 4027 813 4084 lecit
825 4028 880 4083 sibi
893 4029 1037 4097 llagollum
1053 4028 1089 4082 de
1105 4028 1149 4084 lu-

565 4095 713 4165 niculis,et
725 4099 852 4169 ejiciebat
864 4115 923 4167 lpse
933 4099 1069 4154 [lominus
1080 4103 1151 4157 tem-

564 4168 615 4239 pli,
642 4185 732 4224 omnes
750 4171 897 4225 vendentes
924 4176 950 4224 et
980 4175 1096 4224 ementes
1115 4173 1151 4232 de

564 4239 682 4311 templo,
701 4258 766 4297 eum
784 4239 886 4296 hostiis
910 4240 979 4309 suis,
999 4247 1025 4296 et
1044 4257 1152 4302 mensm

564 4315 802 4384 numulariorum,
822 4318 849 4369 et
868 4314 1016 4370 cathedras
1032 4315 1151 4374 venden-
