2842 4920
365 368 404 423 Dll
434 368 606 425 blitildis
635 371 796 427 litteiitlt
825 371 989 429 leUllDAEl.
1252 378 1292 434 lii

64 479 133 555 quid
150 482 263 551 petant,
281 475 348 551 quis
363 477 435 534 tales
449 476 472 534 si
485 494 654 551 promoveti-

66 560 121 619 tur,
133 554 209 608 male
218 550 330 607 intrant
341 554 368 605 et
381 549 655 622 possident.·Cogno·

64 641 150 684 scens
165 622 254 694 igitur
268 620 404 678 Dominus
415 637 513 678 corum
524 621 657 690 tonsion-

64 696 136 755 uam
165 700 196 752 et
230 709 370 761 errorem,
404 693 472 764 quia
502 692 656 751 indiscrete

64 764 656 843 percitam,presumentespeiieoiresine

63 838 169 898 merito
191 837 228 894 ad
252 835 372 908 gloriam
399 842 518 904 tantam,
546 838 657 893 reduxit

64 928 117 969 cos
131 910 170 966 ad
184 909 272 976 iiam,
284 907 392 964 scilicet
403 911 438 964 ad
454 907 654 976 humilitatem,

64 988 94 1041 et
109 998 164 1038 nos
177 980 281 1037 inritat
295 980 332 1036 ad
342 995 404 1036 eam
418 994 563 1051 perquam
578 982 655 1037 ieni-

64 1060 114 1113 tur
126 1055 163 1110 ad
182 1051 385 1109 sublimitatem
395 1050 489 1123 potiiis
504 1068 590 1123 quain
606 1068 656 1124 per

64 1124 267 1183 ambitionem.
292 1121 343 1180 Ubi
365 1122 500 1191 ostendit,
524 1123 599 1193 quod
626 1123 656 1179 iii

64 1195 197 1271 praelatis
211 1194 296 1251 debet
311 1209 374 1251 esse
384 1198 466 1250 tenor
476 1193 654 1265 humilitatis,

67 1272 205 1341 quianon
223 1267 329 1323 debent
345 1269 479 1338 appetere
494 1265 538 1322 iel
551 1267 656 1338 gaude·

69 1337 326 1411 repreessealiis.

109 1412 270 1467 dbisninus
284 1428 332 1465 ssr
346 1427 424 1467 csle
438 1412 538 1468 Doiinii
551 1429 594 1467 nis
608 1428 654 1473 uui

71 1499 128 1541 cun
145 1499 203 1539 irso
227 1499 352 1538 secusne
377 1501 491 1540 concur.
517 1515 552 1524 —
574 1484 654 1539 Unde

69 1554 259 1627 subjungens,
272 1553 342 1610 dixit
356 1554 398 1611 eis
414 1574 422 1610 :
437 1558 554 1611 Potestis
564 1555 655 1609 bibere

64 1627 192 1689 culicem,
208 1642 288 1696 quem
303 1642 351 1694 epo
369 1627 505 1682 bibiturus
521 1642 581 1681 sum
594 1630 608 1680 ?
624 1624 653 1680 iil

63 1704 108 1755 esi
135 1696 294 1766 passionem
317 1697 443 1770 martyrii
475 1704 503 1753 et
532 1702 652 1753 mortem

63 1768 213 1826 crudelem
241 1768 382 1826 sustinere
406 1773 522 1841 propter
552 1770 651 1832 Deum,

61 1856 153 1914 quam
166 1855 220 1912 ego
230 1855 281 1912 pio
296 1840 377 1897 vobis
390 1846 418 1896 et
433 1857 482 1912 pio
498 1840 605 1909 multis,
620 1856 652 1895 ex

62 1913 189 1969 caritate
204 1927 342 1984 passurus
357 1928 420 1968 sum
435 1914 603 1977 voluntarie,
620 1927 652 1966 iic

63 1982 90 2041 si
107 1983 208 2040 bibam
222 1982 300 2039 illam
319 1988 350 2040 ut
371 1982 567 2041 delectabilem
583 1981 652 2038 cali·

63 2071 140 2123 cem,
155 2070 308 2127 perquem
322 2055 412 2112 debeo
435 2055 531 2112 venire
550 2055 587 2110 ad
602 2070 652 2110 re-

64 2141 168 2199 gnum,
196 2142 255 2183 non
283 2126 504 2197 temporalem
528 2125 652 2192 creditis,

65 2199 119 2255 sed
136 2204 288 2254 eternum.
306 2199 360 2254 Per
373 2198 489 2255 calicem
511 2198 569 2254 iere
585 2195 653 2253 ubi-

65 2285 124 2341 que
132 2284 229 2342 passio
244 2279 272 2325 et
286 2272 453 2342 martyrium
469 2268 652 2341 intelligitur:

64 2348 140 2405 tum,
153 2342 220 2413 quia
230 2340 302 2398 sicut
314 2345 433 2398 calixest
449 2358 497 2397 ias
511 2357 568 2412 quo
583 2338 653 2396 bibi·

64 2412 654 2485 turadmensurum,sicpassiocummen·

65 2501 137 2543 sura
161 2483 280 2554 bibitur,
298 2485 423 2557 eoquod
444 2501 500 2540 uon
516 2481 654 2556 permittit

65 2556 209 2615 Dominus
227 2556 371 2613 bominem
393 2555 497 2613 tentari
521 2570 607 2627 supra
625 2552 653 2609 id

62 2628 145 2701 quod
159 2632 350 2700 potesl31um,
365 2628 432 2699 quia
447 2626 502 2684 cito
517 2627 589 2683 sicut
602 2642 653 2698 po·

62 2708 109 2757 tus
127 2698 246 2767 transit,
262 2700 329 2755 illud
345 2700 421 2756 enim
437 2699 511 2770 quod
531 2698 559 2753 iii
575 2714 654 2769 prie-

61 2770 142 2831 senti
153 2777 198 2828 est
211 2771 413 2839 tribulationis,
421 2775 651 2827 momentaneum

63 2840 172 2925 ethre
194 2847 257 2911 est;
276 2846 347 2911 tum,
362 2843 429 2914 quis
443 2842 576 2910 delectit,
587 2856 653 2897 nam

63 2914 165 2989 passio
192 2920 221 2971 et
240 2913 386 2971 tribulatio
412 2912 580 2970 abdelibus
621 2928 653 2968 ro

65 2983 265 3043 consolatione
286 2985 432 3058 recipitur,
448 2984 520 3041 etin
536 3001 570 3066 ea
587 2928 654 3055 gio-

67 3058 191 3115 riantur.
205 3059 251 3114 Est
265 3062 360 3113 autem
374 3059 494 3114 multum
506 3055 653 3124 delicatus,

71 3128 122 3201 qui
139 3146 193 3186 non
209 3135 302 3199 potest
316 3129 413 3186 bibere
428 3137 538 3200 potum,
548 3129 583 3183 de
599 3142 654 3197 quo

69 3198 144 3258 bibit
157 3199 292 3257 Dominus
306 3216 384 3257 suus.
399 3202 478 3256 llanc
488 3204 582 3255 auteni
593 3214 654 3270 pis·

67 3270 191 3336 sionem,
207 3287 292 3344 quani
308 3272 455 3328 llattbaeus
471 3272 587 3328 calicem
606 3285 654 3324 io-

65 3351 124 3411 cat,
138 3346 252 3400 blarcus
264 3347 293 3400 et
308 3345 423 3399 calicem
439 3349 468 3399 et
483 3344 655 3413 baptismum

65 3413 301 3483 nomiiiat3dicit
320 3413 413 3472 enini:
431 3416 548 3471 Potestis
568 3414 656 3468 bibere

64 3490 183 3544 culicem
199 3503 277 3557 quem
292 3503 340 3556 eqo
354 3487 425 3554 bibo,
441 3492 491 3543 uut
509 3487 654 3556 baptismo,

148 3574 198 3628 epo
218 3559 353 3630 baptizer,
374 3557 481 3614 scilicet
494 3573 545 3629 pro
564 3554 654 3623 vobis,

65 3576 656 3703 mileum,scilicetpropterme‘lTinctu·

64 3718 132 3759 rani
153 3701 305 3774 sanguinis
326 3700 369 3757 sui
387 3703 416 3756 in
440 3716 493 3756 sua
506 3699 656 3757 benedicta

65 3772 220 3837 Passieno,
239 3788 292 3844 pro
318 3776 498 3845 peccatorum
519 3771 655 3827 emunda-

64 3844 151 3902 tione
165 3851 249 3901 iocet
261 3843 307 3900 hic
326 3844 508 3926 baptismum.
524 3840 601 3898 Unde
617 3840 657 3897 ait

69 3918 265 3987 Theophilus:
285 3935 299 3969 ci
316 3916 438 3972 Culicem
454 3919 549 3971 autem
561 3919 590 3968 et
606 3913 655 3968 ba-

66 3988 210 4061 ptismum
229 4004 342 4044 crucem
364 3986 518 4044 nominat:
540 3985 655 4040 cilicem

66 4059 200 4131 quidem,
215 4064 362 4132 tamquam
373 4066 471 4131 potum
487 4055 607 4114 dulciter
621 4056 657 4112 ab

67 4131 136 4205 ipso
165 4139 349 4202 susceptum;
379 4129 549 4202 baptismum
578 4144 657 4195 vero,

67 4210 219 4275 tamquam
238 4202 471 4260 emundationem
494 4208 658 4257 nostrorum

67 4275 225 4333 facientem
245 4280 423 4348 peccatorum
434 4291 445 4354 3
461 4295 477 4324 »
492 4274 553 4329 liaec
569 4274 590 4326 T
591 4273 658 4326 beo-

66 4349 179 4419 plu'lus.
196 4346 280 4414 Quasi
295 4347 402 4404 diceret
416 4362 457 4402 eis
478 4362 484 4401 :
513 4346 586 4400 bute
600 4343 658 4398 bu-

712 479 861 538 militatem
877 480 1017 554 passionis
1025 483 1142 554 exaltari
1160 502 1216 543 non
1240 493 1294 545 iot·

711 555 807 620 eritis;
819 552 841 609 si
853 553 938 611 vultis
952 571 1128 627 conregnare
1142 505 1292 630 Cruciiixo,

711 623 849 681 incumbit
864 625 944 682 iobis
971 627 1070 684 tollere
1095 645 1208 686 crucem
1233 633 1294 703 eius

711 697 852 768 exemplo,
869 696 935 768 quia
952 714 1035 754 uenio
1059 700 1114 756 uisi
1128 700 1208 758 tollet
1225 720 1294 760 cru-

712 784 773 824 cem
789 784 879 829 suain.
900 785 951 840 per
970 771 1097 843 martyrii
1122 772 1293 855 passionem,

711 841 753 894 vel
777 855 828 911 per
849 840 968 912 proximi
991 858 1227 914 compassionem,
1250 848 1292 904 iel

712 910 859 982 percarnis
877 912 1136 985 mortificationem,
1164 919 1294 989 regnabit

712 998 775 1037 cuin
786 983 935 1039 crucifixo.
954 984 1004 1041 Ubi
1022 986 1168 1054 Greportus
1183 1007 1192 1043 ε
1209 992 1292 1046 «lam

712 1053 805 1110 locum
833 1055 1011 1112 celsitudinis
1041 1060 1225 1129 quierebant;
1257 1062 1293 1118 ad

712 1123 786 1181 iiam
802 1125 864 1181 illos
878 1128 990 1183 Veritas
1003 1134 1125 1198 revocet,
1144 1147 1194 1200 por
1208 1148 1293 1203 quam

711 1197 747 1251 ad
764 1196 963 1253 celsitudinem
988 1198 1127 1267 vestirent.
1154 1203 1193 1258 ilc
1212 1206 1233 1258 si
1252 1204 1294 1261 eis

712 1265 823 1323 dii-atur
838 1285 845 1323 :
860 1270 922 1324 lam
938 1285 986 1325 ros
999 1269 1079 1327 locus
1094 1271 1216 1329 delectat
1230 1276 1292 1331 cel-

711 1339 843 1419 situdinis
854 1340 920 1407 ;sed
935 1339 1011 1410 prius
1023 1341 1069 1397 via
1081 1350 1208 1400 exerceat
1219 1345 1296 1402 bibo·

712 1426 759 1466 ris.
785 1413 838 1465 l’er
850 1412 966 1468 calicem
983 1412 1057 1468 eniiii
1073 1414 1244 1485 pertingitur
1257 1417 1293 1474 ad

712 1482 899 1553 majestatem.
921 1485 949 1540 Si
973 1500 1055 1541 meus
1073 1494 1166 1543 vestra
1187 1503 1223 1558 ap
1244 1491 1295 1545 etit

712 1555 786 1624 quud
803 1554 954 1622 demulcet,
969 1554 1047 1626 prius
1061 1555 1149 1614 bibito
1159 1503 1293 1631 quotide-

712 1624 760 1680 let.
782 1624 826 1681 Sic
845 1642 897 1698 per
917 1642 1047 1683 amarum
1090 1630 1203 1688 oculum
1225 1648 1294 1689 con-

711 1695 853 1760 sessionis,
871 1697 1038 1769 pervenitur
1048 1645 1088 1756 aii)
1099 1702 1234 1772 gaudium
1248 1720 1293 1761 sa-

711 1767 786 1823 lutis.
804 1790 817 1818 o
843 1771 892 1826 Ubi
908 1773 936 1826 et
953 1773 1183 1840 chrysostomus:
1204 1796 1218 1827 ii
1240 1778 1294 1833 Per

711 1840 828 1896 modum
842 1840 1072 1913 interrogationis
1089 1845 1207 1902 attrabit
1233 1864 1314 1915 eos„

711 1919 742 1965 ut
755 1927 787 1966 ei
796 1912 1009 1980 communione,
1018 1930 1081 1983 quie
1092 1923 1134 1971 est
1146 1918 1293 1988 adipsum,

710 1981 851 2038 avidiores
864 1982 968 2039 sierint.
982 1984 1055 2040 ilcsi
1067 1986 1123 2042 illis
1133 1988 1226 2044 dicat:
1241 1991 1296 2045 Vos

710 2053 1295 2130 dehonoreetdecoroiiisloquimini,ego

710 2132 804 2180 aitem
821 2125 856 2180 de
871 2125 1011 2196 agonibus
1026 2132 1054 2182 et
1072 2130 1223 2185 sudoribus
1237 2130 1294 2186 dis·

711 2202 788 2266 puto.
807 2199 869 2253 b'ou
887 2198 963 2253 eniiii
984 2203 1028 2253 est
1042 2200 1095 2255 linc
1113 2200 1295 2270 premiorum

711 2273 833 2340 tempus,
850 2269 899 2325 sed
910 2277 1020 2342 tempus
1032 2270 1193 2342 occisionis,
1204 2273 1295 2343 irraeli-

712 2345 837 2396 orumet
855 2340 1085 2412 periculorum.»
1110 2347 1144 2400 llt
1163 2344 1266 2403 iterum
1286 2364 1293 2402 :

711 2413 851 2483 Numquid
874 2415 1015 2470 nesciebat
1041 2415 1201 2486 Dominus,
1229 2418 1296 2490 quia

713 2485 878 2540 Passionem
906 2483 993 2556 ipsius
1017 2492 1147 2556 poterant
1161 2488 1296 2546 imitari?

712 2555 766 2612 Sed
788 2555 851 2611 ideo
871 2555 911 2611 eis
926 2556 965 2611 sic
989 2557 1114 2628 loquitur
1139 2565 1178 2623 ut,
1202 2562 1295 2616 Domi-

713 2643 748 2683 no
771 2626 977 2697 interrogante,
995 2632 1023 2684 et
1038 2631 1079 2684 eis
1095 2631 1295 2702 respondenti·

710 2698 772 2766 bus,
789 2713 888 2753 omnes
911 2716 961 2756 nos
985 2698 1145 2767 audiamus,
1159 2702 1297 2773 quoniam

712 2786 795 2826 nemo
821 2776 910 2839 potest
933 2786 996 2826 curii
1013 2772 1125 2829 Christo
1148 2789 1296 2845 regnare,

712 2840 765 2896 uisi
782 2840 945 2896 Passionem
962 2841 1035 2898 illius
1052 2843 1138 2899 luerit
1151 2844 1293 2913 imitatus3

710 2912 783 2967 sicut
805 2910 845 2965 ait
863 2909 1014 2983 Apostolus
1042 2929 1049 2967 :
1076 2916 1108 2970 Sr'
1136 2919 1296 2970 commortui

712 2998 816 3048 sumus,
836 2987 861 3037 et
878 2985 1064 3049 concinemus;
1079 2987 1105 3038 si
1117 2989 1294 3050 sustinemus,

712 3059 738 3109 et
753 3054 987 3121 coureqiiubimus.
1007 3055 1062 3110 Res
1077 3054 1152 3112 enim
1171 3057 1296 3127 pretiosa

713 3124 761 3180 vili
779 3128 868 3195 pretio
886 3141 944 3180 nou
957 3134 1148 3197 comparatur.
1164 3131 1296 3198 llaguum

714 3197 841 3253 laborem
853 3211 968 3253 necesse
976 3204 1019 3252 est
1031 3197 1294 3280 nobisimpendere,

713 3268 741 3349 si·
755 3266 885 3349 volumus
900 3269 935 3324 ad
951 3285 1039 3341 regna
1057 3269 1182 3327 coelestia
1200 3287 1298 3354 perio·

715 3355 786 3395 nire.
805 3343 968 3396 Passionem
987 3347 1081 3397 autem
1097 3341 1208 3399 Domini
1224 3343 1296 3401 dici-

714 3427 778 3467 mus
793 3410 936 3483 suspicere
961 3428 1012 3469 uos
1034 3413 1140 3470 debere
1151 3432 1159 3483 ;
1172 3431 1229 3472 non
1244 3432 1297 3473 so-

714 3484 771 3540 luiii
798 3483 1024 3555 persecutionem
1051 3485 1214 3555 Gentilium,
1248 3489 1298 3545 sed

714 3570 828 3636 omnem
847 3554 975 3612 laborem
988 3560 1017 3612 et
1034 3557 1193 3615 molestiam
1212 3576 1309 3631 quani,

714 3636 838 3698 patimur
866 3633 965 3683 contra
1014 3635 1108 3685 cecata
1145 3639 1296 3688 certantes.

714 3699 784 3754 Nam
803 3698 827 3754 si
843 3698 968 3756 Gentiles
1004 3700 1150 3770 eiecerint,
1166 3702 1214 3774 qui
1231 3719 1296 3775 per-

715 3775 880 3840 sequantur,
910 3770 1046 3841 numquid
1075 3772 1138 3830 ideo
1168 3780 1300 3845 prompta

714 3844 844 3897 voluntas
864 3841 991 3898 fidelium
1010 3842 1094 3901 debet
1113 3844 1174 3901 sine
1194 3846 1296 3912 lructu,

715 3918 743 3967 et
756 3913 861 3969 sterilis
871 3929 1040 3986 permanere
1049 3917 1062 3970 l
1071 3917 1147 3983 lileo,
1163 3914 1213 3970 etsi
1228 3916 1299 3970 Gon-

714 3984 779 4040 tiles
791 4001 849 4041 uon
864 3986 962 4045 babes.
977 3985 1026 4057 qui
1042 3994 1069 4041 te
1081 3992 1297 4057 persequantur,

716 4056 805 4111 habes
814 4056 968 4129 principem
980 4057 1133 4113 Gentilium
1141 4055 1297 4124 diabolum,

716 4126 764 4197 qui
780 4128 924 4184 bominem
939 4127 1071 4200 persequi
1082 4143 1138 4182 uon
1155 4135 1256 4184 cessat.
1270 4127 1298 4184 Si

715 4214 784 4270 ergo
802 4199 958 4272 principem
975 4197 1213 4269 potesiincerein
1228 4216 1299 4271 pec-

715 4277 788 4336 cato,
798 4288 853 4328 non
868 4278 910 4328 est
927 4285 1062 4340 magnum
1075 4285 1209 4341 superare
1225 4271 1301 4344 prin·

717 4341 793 4416 cipes
806 4345 866 4415 ejus
877 4343 905 4399 iii
920 4357 1050 4415 corpore.
1065 4343 1135 4399 Ecce
1149 4345 1298 4402 ostendam
