2820 4928
140 312 186 370 lf‘t
491 310 651 365 SECUNDAE
678 312 798 367 l‘lll'flS
824 310 928 365 tacut
956 311 1015 364 xli

137 417 217 475 Unde
233 416 391 474 darmatas
407 431 414 473 :
437 438 452 469 a
466 416 605 484 Quantos,
621 413 723 487 inquit,

138 488 240 546 videtis
254 496 283 545 et
295 487 347 560 ipsi
362 489 483 544 Lazaros
493 485 663 556 esurientes,
676 504 724 545 nu·

136 560 200 627 dos,
221 566 363 631 egrotos;
383 563 412 616 et
435 559 500 632 plus
524 558 560 615 de
583 558 724 630 jumentis

135 631 248 700 vestris,
262 631 327 704 plus
339 632 375 687 ‹le
389 646 489 688 eorum
500 630 626 712 phaleris
637 646 723 702 quam

137 703 172 759 de
182 702 302 758 istorum
318 700 441 758 miseriis
452 701 670 773 eogitatrs‘tSed
686 701 723 758 ad

137 773 316 830 tremcndum
330 773 451 831 Abrabae
466 773 606 845 judicium
624 772 722 830 venia-

136 860 211 901 mus.
227 846 289 902 Non
303 844 380 902 enim
395 846 528 915 Abrabae,
544 844 594 901 sed
612 843 724 901 Domini

134 916 278 974 sententia
292 923 334 972 est
361 934 368 972 :
385 919 529 981 Memento,
549 915 652 988 inquit,
668 918 722 987 fili,

137 989 212 1060 quod
228 991 357 1061 recepisti
370 988 440 1044 bona
454 992 485 1044 in
499 991 546 1043 oia
560 994 619 1056 tua,
634 992 661 1043 ct
672 990 724 1044 La·

135 1077 220 1117 zarus
234 1061 364 1116 similiter
374 1061 460 1116 mala.
476 1062 555 1118 Nune
573 1065 664 1115 arctam
679 1061 723 1115 late

135 1134 303 1197 consolatur,
315 1138 346 1189 tu
358 1148 420 1188 vcro
431 1134 577 1189 cruciaris.
593 1130 722 1188 Haeccine

136 1204 314 1261 cruciatuum
338 1218 422 1263 causa
447 1208 508 1261 tota
528 1209 582 1271 est,
598 1201 674 1274 quod
693 1201 723 1258 in

138 1274 192 1333 boc
204 1277 301 1334 seculo
320 1276 398 1332 bona
411 1274 537 1348 recepit?
553 1276 616 1346 lpsa
627 1274 721 1345 plane.

135 1348 233 1419 licque
252 1347 327 1405 enim
343 1348 447 1404 adhoc
463 1363 515 1402 nos
531 1345 662 1416 paradiso
678 1361 724 1401 vo

136 1416 252 1491 luptatis
266 1418 475 1476 animadversio
496 1417 593 1473 divina
606 1417 723 1488 ejecisse

135 1489 258 1555 videtur,
268 1496 301 1547 ut
310 1490 431 1546 alterum
444 1488 498 1545 sibi
508 1487 722 1559 bicparadisum

133 1560 296 1617 adinventio
320 1561 446 1617 bumana
461 1563 594 1641 pararet;
619 1559 669 1615 sed
693 1565 724 1615 ut

138 1632 166 1687 in
180 1631 276 1688 cinere
292 1637 321 1688 et
332 1630 424 1687 cilicio
435 1628 579 1686 miseriam
589 1646 648 1686 suae
659 1631 723 1687 sub

138 1702 275 1759 versionis
289 1702 462 1775 deploraret.
488 1702 628 1771 Ceterum,
643 1703 666 1757 si
682 1702 723 1759 sic

136 1772 281 1831 cruciandi
296 1780 373 1841 sunt,
410 1772 438 1830 ui
462 1773 491 1829 in
511 1772 569 1829 vita
583 1774 723 1832 suabona

136 1849 316 1919 receperunt,
327 1851 356 1902 et
365 1846 403 1903 ba
414 1844 538 1902 'entibus
552 1845 722 1903 consolatio-

131 1933 199 1975 nem
228 1922 398 1990 praesentem
424 1933 464 1973 oa
495 1916 651 1989 repositum
679 1922 722 1974 est

132 1989 349 2062 sempiternum,
359 1989 490 2060 quisnam
504 2005 603 2046 eorum
615 1989 722 2062 poterit

132 2078 195 2120 esse
210 2060 285 2128 finis,
293 2061 317 2118 si
333 2061 490 2119 secundum
507 2060 720 2118 multitudinem

130 2133 357 2191 consolationum
381 2149 511 2202 suarum,
538 2133 652 2188 dolores
667 2149 720 2205 ap·

130 2204 336 2277 prehenderint
372 2203 483 2260 animas
521 2203 721 2260 miserorum?

131 2278 316 2347 Consequens
343 2276 421 2330 enim
449 2273 562 2329 uidetur
585 2278 616 2329 ut
644 2276 721 2336 bona

130 2345 237 2413 omnia,
252 2351 281 2402 et
302 2359 416 2401 omnem
431 2345 519 2400 seculi
542 2344 626 2416 bajus
645 2347 718 2402 reci-

129 2416 275 2491 pientibus
301 2415 544 2481 consolationem
577 2414 719 2474 nibilomi-

130 2504 185 2546 nus
203 2488 371 2544 universum
396 2503 438 2543 vae
453 2495 482 2544 et
505 2486 630 2544 universi
655 2505 718 2545 ma·

129 2564 220 2617 neant
238 2558 391 2616 cruciatus.
407 2563 442 2614 nt
455 2575 523 2615 vero
539 2564 568 2616 et
582 2558 652 2616 illud
673 2566 717 2617 at-

129 2646 185 2713 que
199 2647 233 2688 ex
248 2631 348 2688 eadem
363 2631 485 2688 Abrabae
501 2631 718 2689 sententiaeon·

125 2701 282 2777 jaciendum
299 2701 422 2771 videtur,
442 2718 492 2760 eos
510 2702 558 2775 qui
573 2703 716 2761 contrario

129 2774 206 2832 ducti
226 2774 326 2844 spiritu
345 2773 421 2843 vitae,
442 2773 596 2903 praesentia
622 2774 718 2832 omnia

127 2847 205 2905 bona
219 2851 368 2918 respuunt,
385 2854 414 2904 et
429 2862 444 2903 e
457 2846 537 2919 igunt
552 2846 643 2915 mala;
659 2863 719 2903 om·

128 2920 178 2977 nia
191 2920 268 2977 bona
293 2917 406 2975 Domini
425 2924 454 2975 et
473 2934 586 2976 omnem
604 2919 716 2975 babitu-

128 3007 177 3049 ros
192 2989 429 3049 consolationem.
441 3012 456 3042 u
474 2993 507 3047 Et
521 2992 643 3048 iterum:
659 3011 674 3043 «
687 2989 716 3048 Si

127 3062 164 3120 de
210 3079 339 3121 oenarum
366 3061 558 3120 diminutione
581 3061 717 3119 solatium

127 3079 259 3207 praessere
272 3135 401 3204 voluero,
411 3134 534 3191 crudelis
548 3151 609 3203 ero,
618 3139 647 3190 et
659 3150 716 3190 non

128 3205 303 3263 misericors.
311 3208 454 3273 Quantum
464 3206 716 3263 enimsubtrabam

129 3278 165 3333 de
177 3292 274 3349 paena,
290 3282 400 3333 tautum
416 3280 450 3332 de
460 3292 566 3332 corona
581 3277 711 3337 furabor.

128 3349 249 3405 Tantum
271 3346 365 3403 minus
380 3345 436 3403 erit
450 3346 486 3403 de
500 3346 603 3415 fructu,
623 3363 715 3419 quan·

129 3424 190 3475 tum
213 3416 378 3475 desemine
404 3418 579 3475 subtraxero.
606 3420 717 3477 Rennat

128 3505 198 3560 ergo
224 3488 365 3545 consolari
384 3488 480 3545 anima
506 3494 603 3547 nostra
618 3489 715 3563 hujus·

129 3560 241 3618 cemodi
257 3559 470 3630 consolatione;
490 3561 541 3618 sed
558 3577 668 3620 memor
680 3563 717 3621 sit

127 3631 190 3700 Dei,
206 3638 235 3689 et
250 3633 412 3690 consoletur
422 3631 453 3689 in
467 3650 511 3691 eo.
526 3635 607 3708 Apud
622 3633 715 3708 ipsum

128 3721 253 3778 namque
270 3704 333 3776 ipsa
352 3721 464 3778 quoque
488 3706 634 3765 tribulatio
654 3723 714 3765 ma·

125 3794 183 3853 gna
197 3778 330 3850 quedam
346 3777 503 3837 consolatio
516 3779 623 3852 poterit
637 3778 714 3836 inve·

125 3852 181 3908 niri
199 3868 206 3907 :
228 3849 320 3907 abac
334 3852 504 3906 Bernartius.
522 3851 649 3924 sicergo
665 3851 715 3908 hu·

140 3938 172 3980 us
201 3921 267 3981 vitae
292 3921 413 3980 felicitas
435 3920 552 3978 divitem
573 3921 714 3979 infelicem

124 3940 205 4065 lecit,
220 3995 298 4068 quia,
313 4000 344 4051 ut
357 3992 426 4050 dicit
444 3995 629 4063 Anqustiaas,
644 3993 714 4050 nibil

125 4074 169 4123 est
185 4067 325 4125 infelicius
344 4064 509 4123 infelicitate
525 4065 713 4138 peccantium,

129 4153 187 4210 qua
205 4139 328 4213 poeualis
351 4137 476 4196 nutritur
500 4136 663 4219 impunitas,
686 4143 715 4194 et

128 4212 344 4269 malavoluntas
356 4211 434 4268 velut
443 4210 533 4267 hostis
541 4208 660 4265 interior
670 4225 715 4265 ro-

129 4280 257 4343 boratur.
271 4284 352 4342 Unde
368 4285 486 4342 saraca:
503 4282 644 4339 <Brevem
663 4280 714 4338 tibi

779 416 932 474 formulam
945 415 1019 472 dabo
1038 430 1098 488 qua
1113 420 1143 473 te
1166 415 1313 487 metiaris,
1322 434 1369 491 qua

779 492 808 545 te
824 490 980 561 perfectum
995 503 1058 544 esse
1070 487 1136 558 jam
1155 488 1284 546 sentias.
1302 493 1369 548 func

779 559 989 617 babebistuum
1005 558 1128 621 bonum.
1145 574 1219 617 cum
1239 560 1368 644 intelliges

779 630 989 688 infelicissimos
1003 646 1067 687 esse
1085 629 1202 688 felices.
1232 654 1249 683 »
1276 635 1308 689 tit
1326 640 1367 691 rte-

780 719 843 760 rum
859 720 867 761 :
883 723 898 757 a
913 700 987 759 Nihil
1003 700 1211 759 estinfelicius
1223 709 1255 761 et
1269 705 1369 763 deman

778 774 835 830 tius
849 790 883 831 eo
902 773 949 831 cui
968 772 1198 846 nibilutnquam
1220 776 1367 834 evenitad·

780 848 870 914 versi;
889 862 945 902 non
959 843 1037 901 licuit
1053 843 1096 900 illi
1112 860 1145 902 se
1161 847 1305 918 experiri.
1319 850 1368 905 »ut

779 917 882 974 iterum
901 934 908 973 :
926 939 941 969 a
958 918 997 972 Te
1012 915 1115 988 judico
1136 916 1298 988 miserum,
1313 920 1368 992 quia

778 1004 836 1045 non
851 987 928 1045 fuisti
945 987 1046 1055 miser;
1056 987 1193 1045 transisti
1204 989 1272 1048 sine
1283 990 1367 1049 adver

778 1060 853 1117 sario
866 1061 952 1128 viam,
968 1074 1051 1115 nemo
1066 1058 1123 1115 scit
1137 1060 1218 1131 quid
1232 1067 1265 1119 tu
1279 1072 1366 1135 potue·

777 1131 828 1201 ris,
849 1148 901 1189 nec
921 1137 951 1188 tu
967 1130 1083 1203 quidem
1099 1130 1165 1203 ipse
1185 1149 1194 1188 :
1223 1135 1366 1192 »11er

777 1219 853 1260 neca.
872 1201 1022 1260 infelicitas
1037 1217 1108 1260 vero
1131 1202 1227 1260 hu'ns
1242 1204 1307 1263 ritae
1321 1208 1366 1264 ia·

777 1290 875 1331 aarum
892 1273 1032 1356 purgavit,
1058 1279 1147 1401 atque
1165 1220 1286 1333 lJelicem
1299 1277 1364 1335 feeit

779 1346 910 1404 Pluribus
924 1360 1027 1427 quippe
1043 1360 1089 1401 mo
1112 1362 1136 1401 rs
1162 1362 1326 1421 purgamur
1340 1349 1364 1407 ln

778 1416 834 1474 ista
846 1417 912 1474 vita.
928 1415 1103 1486 Quibusdam
1115 1416 1199 1474 enim
1211 1426 1258 1476 est
1270 1437 1365 1503 purga·

777 1489 817 1546 tio
836 1488 976 1547 cruciatus
990 1487 1132 1560 corporis,
1153 1504 1235 1561 quos
1250 1507 1295 1549 ens
1307 1492 1364 1550 mali

777 1559 1364 1642 inferunt;aliquibusaflliotionescarnis,

778 1633 916 1705 quaesibi
932 1632 986 1704 ipsa
1003 1646 1055 1703 per
1069 1630 1199 1703 jejunia,
1215 1635 1326 1706 vigilias
1341 1640 1365 1693 et

777 1703 849 1761 alios
879 1704 993 1761 labores
1017 1702 1171 1775 ingerunt;
1200 1706 1364 1778 quibusdan

777 1790 845 1832 vero
874 1790 1006 1832 carorum
1032 1775 1075 1831 vet
1109 1790 1214 1833 rerum
1234 1778 1364 1847 amissio;

777 1846 921 1918 aliquibus
931 1844 1055 1913 dolores,
1069 1845 1115 1902 vel
1125 1847 1276 1929 aegritudo
1288 1868 1296 1918 ;
1310 1849 1365 1923 qul·

776 1918 897 1975 busdam
912 1917 1012 1984 victus,
1031 1917 1075 1973 vel
1095 1925 1222 1976 vestntus
1239 1929 1364 1993 egestas3

776 1990 918 2062 aliquibus
933 1988 1022 2062 ipsios
1038 1988 1137 2045 mortis
1153 1992 1312 2051 acerbitas.

815 2083 845 2118 rs
861 2065 956 2117 Arius
970 2078 1113 2117 serenare
1130 2078 1247 2121 sannas.
1265 2095 1297 2107 -
1315 2066 1364 2123 lle·

775 2131 842 2189 inde
857 2132 1060 2205 subjungitur:
1075 2135 1112 2189 Et
1125 2136 1158 2187 in
1170 2136 1218 2191 itis
1231 2138 1362 2207 omnibus,

776 2203 863 2261 idest
890 2206 963 2260 inter
985 2205 1047 2260 haec
1074 2202 1175 2261 omnia
1215 2224 1263 2265 uae
1287 2210 1362 2282 petis,

775 2292 863 2332 unum
871 2285 916 2333 est
929 2276 1005 2348 quod
1018 2275 1147 2347 impedit,
1159 2222 1287 2351 sollicet,
1297 2282 1363 2352 quod

774 2350 848 2403 inter
859 2364 909 2403 nos
923 2354 950 2404 ct
963 2363 1010 2402 cos
1023 2349 1105 2402 cbaos
1116 2364 1257 2417 maqnum
1272 2355 1361 2423 firm·

775 2423 833 2474 tum
847 2425 897 2482 est,
914 2419 943 2474 id
964 2423 1008 2474 cst
1024 2417 1165 2476 distantia
1179 2437 1291 2494 magna
1303 2439 1362 2481 ιιιο-

774 2488 894 2546 ritorum
909 2496 938 2546 et
947 2496 1072 2546 statuum
1087 2490 1207 2549 firmata
1222 2500 1280 2557 est.
1292 2496 1359 2567 rigo

774 2577 806 2617 re
820 2561 925 2618 divinae
936 2560 1066 2634 justitiae,
1084 2568 1115 2617 ut
1130 2565 1321 2635 impossibilis
1331 2567 1362 2623 sit

773 2633 911 2689 transitus
926 2634 962 2690 ab
977 2650 1033 2689 uno
1044 2638 1117 2689 statu
1129 2632 1160 2690 in
1176 2635 1272 2693 alium
1284 2655 1293 2707 ;
1306 2637 1363 2695 ideo

773 2704 913 2774 subditur,
930 2711 961 2760 at
976 2706 1006 2759 lai
1017 2708 1066 2775 qui
1080 2706 1179 2763 colant
1199 2709 1268 2765 binc
1282 2716 1364 2766 trane

773 2778 815 2831 ire
834 2776 872 2832 ad
897 2793 955 2845 cos,
975 2778 1167 2848 nonpossint,
1191 2795 1285 2851 neque
1307 2780 1364 2837 inde

773 2848 824 2903 fruc
837 2855 1019 2917 transmeare,
1027 2847 1093 2919 quia
1104 2849 1212 2907 animae
1225 2858 1363 2925 separate

772 2924 840 2975 sunt
854 2924 933 2976 extra
948 2925 1054 2976 statum
1068 2919 1162 2976 meriti
1177 2927 1207 2979 et
1221 2923 1361 2981 demeriti.

773 2991 852 3047 Unde
868 2993 1092 3062 chrysostomus:
1110 2991 1252 3051 «Videre
1271 3012 1361 3067 passu

772 3077 845 3131 mus,
860 3062 983 3119 transire
1002 3078 1061 3118 non
1076 3078 1255 3135 possumus3
1270 3073 1300 3125 et
1315 3082 1360 3125 nos

772 3133 901 3191 videmus
951 3134 1006 3190 uod
1020 3133 1188 3207 perdidistis
1202 3154 1209 3205 ;
1230 3144 1263 3195 et
1280 3140 1357 3195 sicuti

771 3212 868 3262 nostra
880 3151 985 3289 gauffiia
1000 3206 1183 3264 accumulant
1202 3216 1360 3268 vestrator·

771 3284 879 3346 menta,
903 3287 943 3334 ita
963 3283 993 3334 et
1005 3284 1099 3335 vestra
1114 3283 1261 3339 tormenta
1282 3297 1357 3339 aeon·

771 3351 879 3405 mutant
891 3354 989 3406 nostra
1022 3349 1125 3406 audiat
1140 3371 1154 3401 »
1172 3352 1237 3409 baec
1247 3354 1356 3425 Glauco

769 3426 882 3476 stamas.
898 3420 978 3489 Quod
1000 3365 1126 3478 damnati
1146 3423 1256 3481 vellent
1269 3424 1357 3483 venire

769 3491 807 3548 ed
828 3492 922 3550 locum
952 3493 1118 3561 electorum,
1138 3493 1162 3551 si
1184 3502 1264 3553 esset
1292 3512 1356 3570 pos-

770 3562 862 3633 sibile,
890 3581 948 3622 non
975 3569 1019 3622 est
1047 3564 1176 3635 dubium,
1205 3570 1257 3624 sed
1289 3567 1356 3641 quod

769 3635 853 3692 electi
866 3636 972 3693 vellent
984 3636 1026 3693 ire
1041 3636 1078 3694 ad
1097 3636 1193 3694 locum
1209 3641 1354 3697 damnato-

770 3723 845 3778 rum,
860 3724 919 3764 non
944 3708 1075 3778 videtur;
1096 3709 1172 3766 unde
1195 3716 1240 3767 est
1262 3712 1354 3770 dicen·

769 3779 849 3848 dum,
871 3779 947 3851 quod
967 3796 1024 3838 non
1040 3780 1147 3838 vellent
1173 3780 1217 3838 ire
1232 3782 1301 3840 illue
1322 3781 1354 3841 ad

770 3852 954 3919 manendum,
980 3851 1085 3909 vellent
1105 3857 1204 3910 tamen
1224 3855 1293 3912 illue
1311 3870 1353 3912 re·

769 3924 844 3991 nire,
854 3921 878 3978 si
889 3929 965 3980 esset
975 3923 1121 3997 possibile,
1132 3924 1169 3981 ad
1181 3926 1354 4000 propinquos

769 4010 836 4052 suos
856 3994 1047 4053 liberandum.
1071 3995 1148 4054 lstud
1164 4001 1264 4055 tamen
1288 3997 1353 4055 selle

769 4064 937 4139 intelligitur
951 4067 1106 4124 seeundum
1116 4067 1295 4127 voluntatem
1308 4083 1352 4127 na·

769 4137 869 4195 turalis
883 4138 1096 4213 compassionis,
1116 4155 1174 4195 non
1190 4150 1287 4198 autem
1309 4156 1353 4198 se·

770 4210 893 4267 cundum
925 4208 1101 4269 voluntatem
1129 4210 1352 4281 deliberativam,

770 4282 799 4338 in
814 4297 871 4357 qua
893 4280 1109 4341 conformantur
1124 4282 1294 4357 simpliciter
1311 4281 1352 4342 di·
