2820 4928
144 430 190 482 308
515 417 673 474 SECUNDAE
699 418 819 474 Pluris
845 416 955 470 CAPUT
984 416 1001 469 i

148 534 207 592 mul
221 532 251 589 iii
271 527 382 604 pascuis
398 542 465 583 ores
485 532 513 582 et
533 523 621 592 boedi,
636 524 686 580 sed
703 521 733 579 iu

150 620 265 676 vespere
287 606 383 675 pastor
403 614 452 654 eos
470 602 619 724 segreqau
638 595 679 652 sic
703 596 733 651 iu

148 679 206 732 vita
218 671 353 744 praesenti
373 668 483 726 suntin
523 684 553 723 cc
566 667 626 724 esia
649 666 734 724 simul

148 746 258 805 boniet
283 741 361 811 mali,
380 741 430 799 scd
450 741 480 797 iii
500 756 617 811 uespere
634 739 734 795 mortis

146 836 196 876 seu
214 815 323 884 muudi,
339 813 485 888 separabit
500 811 630 868 Christus
643 811 734 868 bonos

146 888 270 957 amalis,
285 886 357 944 sicut
380 901 447 942 oves
468 884 505 941 ab
529 883 731 964 hoedisbepa-

144 961 229 1030 rabit,
250 963 367 1031 iuquam
392 975 399 1012 ε
424 955 536 1023 merito,
559 970 656 1011 omnia
676 969 734 1009 me·

145 1033 201 1090 rita
232 1029 441 1097 discernend0;
472 1027 546 1095 locu,
566 1025 629 1083 loca
654 1024 733 1082 varia

144 1104 335 1187 assignando;
356 1100 512 1167 vocabulo,
536 1096 655 1155 dirersis
678 1112 726 1153 no·

146 1177 272 1234 minibus
293 1172 462 1246 appellando
476 1173 529 1228 hos
546 1170 654 1237 hoedos,
668 1167 732 1224 illos

146 1266 223 1306 ores.
239 1250 271 1304 ln
290 1245 390 1302 ovibus
405 1242 576 1315 intelligitur
591 1243 731 1296 innocen-

144 1320 185 1376 tia
201 1321 351 1385 bonorum,
371 1321 487 1388 propter
510 1312 730 1393 simplicitatem,

146 1391 310 1458 militatem,
325 1387 554 1453 loecuuditatem;
582 1384 612 1440 in
641 1383 731 1440 hoedis

146 1459 497 1533 intelligiturperversitas
509 1457 660 1524 malorum,
669 1471 733 1529 pro·

145 1539 208 1604 pter
222 1532 389 1598 loeditatem,
404 1528 655 1600 impetuositatem‚
679 1533 733 1582 ste·

145 1604 291 1660 rilitatom.
311 1602 389 1658 Unde
410 1603 616 1669 Chrysostomus
631 1618 640 1652 .·
656 1620 670 1649 κ
682 1601 733 1654 De·

144 1673 221 1733 inde.
255 1690 273 1729 a
298 1671 464 1728 nominibus
490 1669 732 1740 uuiuscujusque,

144 1745 260 1802 modum
281 1742 412 1803 ostendit.
429 1743 482 1797 lios
503 1740 617 1812 quidem
633 1740 732 1796 hoedos

145 1833 262 1886 vorans,
283 1816 336 1872 lios
352 1819 448 1870 aulem
467 1829 559 1869 oves:
581 1817 613 1868 ut
628 1812 732 1868 horum

145 1888 261 1962 quidem
285 1884 566 1943 infructibeatiouem
589 1884 731 1953 ostendat,

147 1960 240 2018 nullus
251 1959 328 2017 euim
343 1959 378 2016 ab
393 1957 485 2014 lioedis
495 1957 603 2013 lructus
618 1955 669 2024 sit;
685 1957 733 2011 bn·

146 2049 210 2089 rum
227 2038 322 2089 autem
341 2031 462 2086 multum
478 2033 618 2101 quaestum
632 2033 733 2084 osten-

145 2104 205 2172 dat,
221 2102 328 2160 etenim
348 2102 452 2158 multus
467 2101 562 2157 ovium
587 2104 631 2156 est
650 2115 734 2170 quie-

146 2181 217 2241 stus,
239 2182 266 2231 et
287 2174 390 2230 alana
419 2176 559 2242 lacteque,
573 2179 602 2227 et
627 2172 663 2227 ab
689 2170 734 2226 his

167 2263 210 2302 uae
225 2244 465 2315 parturiuiitur,a
480 2243 585 2314 quibus
595 2241 734 2297 universis

146 2262 277 2372 desertus
303 2320 346 2370 est
375 2314 483 2369 hirdus.
511 2333 526 2365 a
550 2315 584 2368 Et
606 2313 733 2369 iterum:

148 2408 161 2439 ii
178 2388 261 2455 Oves,
278 2383 409 2441 homines
418 2385 488 2455 justi
504 2401 510 2440 ε
524 2391 642 2455 propter
656 2400 735 2440 man-

147 2458 340 2525 suetudinem,
365 2459 432 2528 qnia
451 2455 505 2528 ipsi
522 2455 666 2512 neminem
684 2456 734 2513 lae·

148 2530 229 2598 dunt,
260 2535 288 2588 et
317 2534 435 2601 propter
462 2526 643 2601 patientiam,
669 2527 736 2599 quia

146 2619 212 2660 cum
224 2603 260 2661 ab
274 2601 338 2658 aliis
353 2601 429 2657 laste
446 2599 561 2664 luerint,
574 2599 714 2656 sustinent
726 2617 733 2668 ;

146 2675 246 2731 lioedos
261 2681 355 2731 uutcm
372 2671 501 2729 homiues
515 2677 679 2742 peccatores
691 2671 734 2727 di-

148 2746 198 2815 cit,
221 2745 286 2817 quia
309 2745 339 2802 in
359 2744 453 2817 capris
478 2745 538 2800 liaec
568 2742 736 2800 naturaliter

147 2817 245 2875 insunt
260 2816 327 2873 vitia
342 2835 349 2872 ε
364 2815 451 2872 libido
470 2830 531 2897 prae
556 2815 658 2871 ceteris
677 2815 736 2871 aui-

148 2889 281 2956 malibus,
302 2887 527 2961 superbiarum,
541 2885 734 2954 iuvidia,cou-

148 2959 325 3033 cupisceutia
341 2961 426 3032 gulae,
451 2964 480 3014 et
498 2957 671 3015 clamoribus
691 2975 735 3015 su-

147 3048 200 3105 per
219 3033 317 3089 omnia
336 3032 479 3103 garrulam
497 3031 527 3086 iii
543 3031 676 3087 omnibus
691 3028 736 3086 liis

147 3104 222 3161 vitiis
247 3112 412 3177 peccatores
435 3102 592 3169 abundarit,
618 3108 647 3158 et
671 3100 735 3158 ideo

147 3176 238 3231 lindis
258 3181 322 3233 suut
345 3174 494 3231 assimilati
512 3191 550 3229 :u
573 3175 633 3230 haee
650 3175 734 3241 Cliry·

145 3254 289 3302 sostomus.
308 3250 343 3304 Et
358 3253 462 3302 statuet
481 3262 551 3306 oues.
568 3262 618 3302 seu
633 3245 735 3312 bonos,

146 3335 163 3372 α
181 3319 291 3372 dextris
305 3321 382 3384 suis;
399 3319 490 3372 boedos
502 3324 603 3381 oiston,
615 3334 666 3373 seu
679 3331 737 3372 ma·

146 3387 200 3455 los,
215 3405 232 3441 a
245 3392 377 3443 sinistris.
392 3391 422 3444 lu
437 3388 496 3458 ipsa
514 3388 653 3459 positione
668 3387 734 3443 dei-

146 3462 216 3513 terae
232 3463 259 3513 et
274 3458 407 3526 sinistrae,
420 3460 481 3527 jam
493 3464 603 3514 extunc
614 3464 734 3528 utraque

145 3544 213 3601 pars
232 3544 404 3599 cognoscere
424 3528 538 3599 poterit,
557 3529 601 3584 cui
621 3528 734 3585 miseri-

146 3600 256 3669 cordia,
272 3608 301 3656 et
316 3599 359 3656 cui
376 3597 490 3656 miseria
507 3598 666 3655 immincat.
682 3601 736 3656 Uii-

146 3673 182 3729 de
200 3673 274 3730 idem
295 3671 336 3728 ait
353 3673 559 3742 chrysostomus
579 3691 588 3727 ε
606 3691 621 3724 «
638 3673 734 3729 iustos

144 3744 261 3817 quidem
276 3745 310 3801 ad
326 3744 472 3801 dexteram
489 3743 651 3811 constituet,
666 3759 733 3815 pec-

146 3823 261 3874 catores
275 3817 311 3873 ad
326 3815 483 3884 sinistram,
498 3822 529 3872 ut
542 3816 734 3887 unusquisque

145 3889 313 3945 meritorum
342 3903 458 3944 suorum
483 3887 687 3955 conditionem,
701 3904 734 3943 ex

147 3960 235 4034 ipsius
250 3960 304 4018 lori
335 3959 450 4017 ualitate
460 3965 623 4028 cognoscat.
636 3959 734 4016 ltlerito

144 4032 236 4112 justos
256 4033 291 4089 ad
314 3977 458 4090 aexteram
480 4030 640 4098 collocabit,
663 4047 734 4102 quo-

146 4119 223 4159 niaiu
250 4120 404 4177 numquam
428 4101 571 4159 sinistram
593 4118 734 4173 coguove-

148 4173 736 4251 ruut;meritoimpiosadsinistram,quia

147 4260 303 4317 numquam
319 4264 491 4319 cognoscere
510 4245 661 4303 voluerunt
673 4247 736 4302 dex·

145 4319 237 4371 teram
252 4322 382 4387 partem:
398 4323 468 4377 Vius
480 4321 551 4376 euim
565 4334 626 4390 qua
640 4319 736 4374 adea-

789 528 880 578 nutem
894 524 972 585 sunt,
989 536 1058 591 quae
1075 521 1117 576 ad
1129 523 1278 578 §nistrare
1290 531 1364 580 emt.»

789 595 823 650 Et
833 592 949 649 iterum:
960 594 1009 648 «A
1024 590 1162 649 sinistris
1175 600 1255 664 sunt,
1264 598 1306 666 qui
1315 613 1367 668 que

789 670 856 722 ruut
869 662 1065 735 temporalia;
1084 680 1104 721 a
1125 664 1243 721 dextris
1256 668 1367 739 verqqri

789 740 920 809 quaeruut
931 741 1057 792 aeterna.
1069 757 1086 786 »
1105 737 1194 792 Unde
1205 743 1235 794 et
1248 740 1368 808 ample

789 831 804 860 «
821 811 852 865 ln
863 806 970 864 dextris
983 813 1109 864 reternae
1125 808 1369 867 beatitudiniscm-

788 880 990 960 firmabuntur,
1009 879 1063 950 qui
1081 887 1266 937 amaverunt
1277 889 1369 947 aterne

788 951 818 1009 iu
834 950 958 1008 sinistris
977 956 1104 1007 aeternae
1123 952 1267 1020 miseriae,
1282 953 1325 1025 qui
1336 971 1369 1011 cr-

787 1026 900 1106 pierunt
914 1021 1085 1094 prasentia.
1095 1024 1176 1079 Nam
1191 1030 1222 1080 et
1234 1024 1293 1097 ipsa
1305 1033 1371 1082 trans

788 1094 872 1152 itoria
892 1093 942 1149 Dei
970 1094 1073 1162 dona,
1109 1101 1251 1164 respectu
1272 1102 1370 1154 eterno

787 1182 861 1236 rum,
879 1165 1013 1221 dicuntur
1027 1181 1095 1222 esse
1109 1165 1257 1238 sinistra;
1276 1175 1369 1237 aterni,

786 1253 854 1295 iero
881 1236 911 1292 iu
933 1235 1065 1305 dextera,
1094 1238 1149 1309 qui
1178 1246 1248 1295 suut
1273 1241 1369 1313 potiori,

786 1308 853 1365 iiiuc
867 1314 910 1365 est
922 1306 1011 1364 illud:
1033 1310 1088 1366 Cor
1110 1314 1257 1381 sapientis
1279 1317 1306 1367 ia
1321 1314 1369 1368 des·

786 1387 846 1437 tera
866 1381 935 1452 ejus,
953 1385 979 1434 et
997 1397 1045 1436 cor
1062 1383 1155 1438 stulti
1173 1386 1204 1439 in
1221 1387 1330 1440 sinistis
1344 1387 1370 1440 it·

787 1454 842 1508 iius
856 1471 865 1508 ε
881 1472 894 1503 n
908 1452 969 1507 liaec
984 1454 1151 1521 Remigius

823 1525 923 1591 bQuiu
942 1540 1020 1578 nicer
1047 1526 1114 1580 Rex
1136 1543 1222 1582 riorus
1236 1528 1251 1582 ‘3
1265 1557 1298 1570 -
1317 1530 1369 1584 Tus

787 1597 859 1652 dicet
874 1599 933 1652 ileu
945 1597 989 1650 liis
1000 1599 1080 1665 quia
1095 1597 1217 1653 dextris
1230 1600 1291 1668 ejus
1300 1607 1369 1661 am.

787 1666 816 1723 id
832 1672 875 1723 est
886 1665 966 1723 bonis
981 1683 988 1721 :
1007 1666 1133 1725 hicnon
1148 1669 1232 1735 dicit,
1245 1671 1327 1727 Filius
1338 1673 1371 1727 bo

788 1738 884 1806 minis,
898 1740 970 1794 sicut
979 1754 1083 1810 supra,
1096 1741 1162 1810 sed,
1177 1745 1252 1809 lter,
1266 1744 1301 1799 ad
1312 1744 1371 1799 cu'us

787 1809 896 1884 apicem
920 1809 1045 1881 pertinet
1070 1812 1213 1870 subditos
1228 1831 1333 1886 regere,
1351 1832 1371 1871 e·

787 1898 838 1954 ges
851 1881 982 1949 condere,
1000 1887 1246 1955 transgressores
1261 1886 1327 1959 legis
1337 1902 1372 1958 pu

787 1953 861 2022 nire,
873 1954 1116 2012 etobservatores
1126 1957 1371 2037 praemiare;quod

789 2030 857 2082 tuuc
873 2024 1026 2097 'apparebit
1048 2028 1225 2086 manifeste.
1242 2032 1317 2086 Tunc
1330 2046 1371 2085 uon

790 2102 898 2168 quaeret
915 2096 1022 2152 Pilatus
1036 2115 1043 2152 :
1057 2101 1138 2169 Ergo
1147 2117 1202 2156 rea
1213 2117 1243 2157 es
1252 2106 1302 2157 tu?
1313 2103 1372 2157 Tune

789 2185 848 2226 nou
859 2166 1052 2224 dicentiudaei
1064 2186 1072 2224 ε
1082 2174 1147 2229 Non
1158 2173 1295 2228 babemus
1301 2190 1372 2242 repen

789 2242 846 2296 nisi
865 2241 1007 2296 Gaesarem.
1029 2239 1126 2308 Dicet,
1142 2242 1277 2316 inquam,
1302 2247 1372 2301 Rei:

792 2314 898 2375 Venite,
918 2311 1054 2367 benedicti
1071 2315 1173 2370 Patris
1198 2320 1264 2380 mei,
1277 2316 1372 2372 idesta

791 2385 874 2440 Patre
882 2398 955 2450 meo,
965 2383 1013 2455 qui
1023 2384 1139 2441 aPatre
1153 2386 1371 2445 benedictionem

789 2453 893 2537 gratiae'
909 2454 1076 2536 accepistis;
1094 2456 1168 2529 quia
1183 2475 1244 2516 uon
1266 2459 1317 2516 uisi
1333 2460 1371 2517 be·

790 2527 894 2582 nedicti
917 2542 1009 2599 primo
1034 2542 1090 2598 per
1111 2529 1288 2599 gratiam-et
1302 2531 1370 2587 meri·

790 2604 861 2665 tum,
876 2603 1017 2654 vocantur
1027 2599 1293 2659 adbeatitudinem
1305 2610 1370 2659 etei·

789 2685 856 2726 nam
871 2674 899 2725 et
914 2669 1082 2740 praemium:
1095 2687 1157 2728 uon
1167 2672 1221 2730 dat
1229 2674 1303 2731 enim
1313 2676 1369 2730 deus

789 2756 891 2815 pacem
907 2741 1089 2811 aeternitatis,
1102 2743 1162 2800 nisi
1186 2761 1274 2818 supra
1287 2760 1368 2818 pacem

790 2811 937 2885 pectoris,
966 2813 1022 2882 rel,
1046 2817 1216 2874 secuudum
1233 2819 1368 2881 ltabumm,

790 2885 923 2967 dicuutur
935 2884 1092 2955 benedicti,
1113 2888 1225 2958 quibus
1240 2905 1289 2962 pro
1302 2888 1367 2946 bouis

791 2962 900 3013 meritis
922 2957 1043 3013 debetur
1062 2965 1177 3017 aeterna
1196 2960 1365 3018 benedictio:

790 3029 939 3092 Possidete,
952 3035 980 3084 et
991 3030 1174 3088 aetcrnaliter
1186 3039 1292 3101 tenete,
1301 3049 1366 3105 per*

790 3100 1367 3173 tumuobisrepnumcoelorum,tocumSiu

790 3177 911 3239 ciorum,
923 3189 940 3226 a
950 3176 1148 3230 constitutione
1158 3177 1270 3233 mundi.
1282 3176 1328 3233 Ubi
1337 3174 1367 3230 di

791 3243 829 3298 cit
843 3244 1049 3312 chrysostomus
1064 3263 1073 3299 .·
1091 3264 1106 3297 «
1121 3248 1289 3320 Antequam
1306 3244 1368 3304 eiiiiii

790 3330 841 3370 uos
856 3314 1054 3384 nasceremini,
1070 3316 1120 3385 ait,
1139 3319 1205 3376 liaec
1222 3319 1302 3377 vobis
1312 3334 1368 3392 pre·

790 3390 891 3459 parata
916 3393 983 3443 sunt
999 3394 1035 3444 et·
1053 3395 1228 3461 praeaptata,
1245 3387 1368 3464 quiaridi

789 3459 923 3544 vestales
939 3457 1058 3515 futuros.
1075 3479 1089 3512 l)
1104 3462 1160 3517 Ubi
1176 3462 1266 3519 etiam
1279 3461 1318 3519 ait
1328 3464 1368 3519 ae

788 3532 1370 3684 iygiqbgisrum·(loffitffiffliillnegltnmasiiffffl

788 3672 831 3729 bit
845 3681 1033 3730 conscientias
1057 3679 1087 3730 et
1104 3676 1232 3746 merita,
1251 3678 1369 3749 dicetque

788 3758 841 3816 per
861 3744 1042 3802 collationem
1061 3745 1165 3817 gloriae
1182 3749 1317 3817 :Venite
1330 3750 1369 3805 be

790 3814 892 3872 nellcio
916 3816 1008 3873 Patris
1034 3817 1089 3873 mei
1115 3821 1247 3901 promoti
1263 3816 1368 3879 adobt'i

788 3888 929 3970 neudum·
945 3904 1064 3960 reguum
1095 3895 1182 3961 iitae,
1200 3892 1369 3963 praedestiue

789 3964 848 4015 tum
864 3958 945 4015 vobis
964 3975 981 4015 a
1000 3959 1207 4021 constitutione
1229 3964 1367 4023 mundi2·

788 4030 850 4086 haec
865 4033 1017 4100 Remigius.
1033 4036 1105 4089 Ante
1121 4036 1226 4093 muudi
1244 4036 1367 4095 coustitu-

789 4101 896 4185 tionem
911 4111 1042 4174 paratum
1053 4104 1116 4173 luit,
1129 4120 1186 4178 per
1196 4109 1367 4180 praedestim

789 4181 911 4256 tionem;
933 4191 951 4231 a
969 4175 1174 4234 constitutione
1197 4180 1312 4250 muudi,
1328 4190 1365 4252 pt!

792 4253 985 4328 creationem
1001 4248 1037 4306 ab
1060 4249 1244 4321 ascensione,
1266 4262 1362 4326 perir

789 4321 970 4401 paritionem.
987 4320 1109 4377 Atteude
1124 4320 1173 4379 liic
1183 4322 1364 4381 dulcimium

146 4388 198 4441 tris
235 4393 310 4452 sicat,
336 4392 414 4444 acuit
437 4394 587 4459 Dominam
606 4405 739 4462 pervasae
789 4389 985 4448 invitationem
1001 4390 1125 4462 Domini,
1140 4408 1207 4451 enm
1222 4394 1312 4453 dicit:
1326 4394 1363 4451 Vc
