2820 4928
134 374 166 430 to
505 371 664 425 secutum
691 373 809 429 rturls
837 374 940 428 strui
967 374 988 426 Χ

140 500 198 551 ma,
214 483 296 553 crijus
307 478 351 536 vir
365 484 408 537 est
420 478 559 548 Christus,
576 477 622 551 qui
640 494 723 536 num-

162 572 226 612 nam
246 552 370 609 animam
391 551 443 609 nisi
464 560 580 624 propter
603 551 724 608 fornica·

137 635 246 686 tionem
278 622 384 695 peccati
407 622 538 692 dimittit,
568 640 618 694 per
640 640 725 695 quiam

52 718 57 729 ·
139 702 302 757 Christnsa
324 697 406 753 nobis
421 695 537 752 recedit.
563 728 576 733 --
611 695 724 752 litorali-

137 777 181 828 ter
200 767 249 841 qui
266 767 384 824 dimittit
401 785 517 825 uxcirem
539 782 619 824 suam
641 767 724 893 spiri-

137 843 257 910 rualem,
278 840 385 896 scilicet
400 838 563 903 Ecclesiam,
592 845 621 895 et
639 839 725 895 aiam

138 914 226 983 ducit,
239 911 724 984 sciliectpinpuiorem,moechatur,

137 984 281 1045 nonenim
293 984 395 1056 unierit
407 983 583 1056 spiritualem
592 983 725 1049 fructum,

139 1059 191 1116 sed
207 1057 363 1129 temporale
379 1055 500 1113 lucrum.

175 1136 191 1188 d
207 1130 358 1187 Cosstuinu
373 1146 560 1185 eonrmnnrrne
588 1145 728 1187 repressis

139 1220 305 1261 uurnruonio
320 1220 531 1259 superoueunm.
545 1230 580 1241 -
595 1200 727 1271 Proposi-

139 1281 167 1333 to
178 1275 383 1346 eruoquodest
393 1272 567 1332 necessitatis
578 1272 607 1327 in
623 1271 726 1353 uirtute

139 1347 331 1409 continentias.
348 1351 556 1417 consequenter
569 1352 684 1415 ponitur
699 1348 727 1400 et

140 1418 210 1476 illud
236 1420 312 1489 quod
335 1424 379 1474 est
402 1414 673 1490 supererogationis,
694 1432 727 1471 ae

139 1491 263 1555 consilii,
280 1489 388 1547 scilieet
404 1488 582 1544 continentia
596 1487 632 1542 ab
649 1485 727 1543 omui

139 1570 203 1620 actu
218 1577 351 1619 venereo.
362 1561 503 1630 Discipuli
513 1556 588 1614 enim
602 1558 661 1626 ejus
674 1558 727 1614 lroe

140 1633 300 1697 audientes,
319 1631 395 1702 quod
413 1631 558 1687 vinculum
578 1628 726 1685 matrimo-

138 1704 179 1762 nii
195 1710 239 1761 est
260 1701 467 1766 indissolubile,
482 1708 510 1758 et
525 1699 594 1757 moti
615 1717 648 1757 ex
663 1717 727 1757 rer·

139 1776 184 1834 bis
198 1777 272 1845 ejus,
292 1777 390 1831 dieunt
408 1776 435 1829 ei
451 1791 457 1828 :
473 1776 505 1832 Si
519 1777 561 1830 ito
583 1778 622 1829 est
642 1789 728 1829 sousa

140 1850 260 1905 hominis
275 1864 336 1903 cum
349 1861 450 1914 cruore,
468 1846 545 1975 guod
563 1861 620 1901 uon
638 1844 728 1915 possit

140 1937 214 1987 eam,
229 1919 283 1977 nisi
305 1919 389 1977 modo
408 1934 468 1992 prae
490 1917 556 1981 icto,
572 1915 725 1999 dimittere,

139 2011 193 2050 non
206 1992 491 2065 superueniente
504 1992 526 2047 ei
542 1991 593 2058 ipsi
613 1989 726 2046 dicant:

139 2065 239 2123 Helius
254 2072 295 2123 est
315 2063 482 2137 simpliciter
496 2060 652 2129 continere,
666 2077 727 2133 pro·

140 2146 204 2210 pter
224 2155 298 2195 onus
318 2141 346 2191 et
365 2153 451 2207 grave
466 2135 577 2207 pondus
595 2148 726 2200 uxorum,

142 2209 275 2265 etmulta
300 2206 484 2264 incommoda
514 2222 577 2274 uum
605 2210 728 2274 possunt

140 2279 208 2335 inde
224 2281 330 2335 venire.
344 2278 420 2334 Unde
436 2279 476 2333 ait
493 2278 698 2345 chrysostomus
718 2295 726 2332 ε

142 2372 156 2403 n
174 2348 274 2406 Levius
289 2356 331 2406 est
350 2354 449 2406 contra
468 2347 726 2420 consupiscentiam

141 2422 277 2495 pruliuri,
297 2427 325 2478 et
349 2428 447 2477 contra
475 2420 609 2491 seipsum,
642 2435 726 2547 fluam

140 2499 239 2550 corrtra
257 2494 406 2550 mulierem
423 2492 538 2548 malam.
565 2514 580 2543 »
599 2494 639 2547 Un
663 2508 677 2547 e
699 2499 727 2547 et

139 2569 345 2635 Hieronymus:
376 2585 390 2618 u
407 2565 497 2621 Grave
527 2565 638 2636 pondus
658 2580 727 2619 uxor

140 2645 193 2702 est,
214 2639 248 2701 si,
269 2642 387 2706 excepta
401 2637 460 2690 sola
477 2652 562 2692 causa
586 2634 727 2690 fornicati·

140 2709 211 2774 onis,
239 2725 296 2766 non
318 2708 384 2765 licet
407 2723 471 2764 eam
486 2707 640 2764 dimittere.
656 2706 727 2773 Quid

139 2780 255 2838 enimsi
281 2781 438 2839 temulenta
453 2780 548 2849 luerit,
569 2779 592 2836 si
611 2779 726 2835 iracun-

137 2853 184 2922 da,
201 2852 224 2910 si
241 2852 382 2923 missust
399 2868 481 2924 vago,
497 2851 521 2908 si
536 2852 681 2919 morbosa,
701 2850 723 2906 si

138 2925 288 3055 Longatrix,
309 2924 332 2983 si
349 2925 508 2982 maledicat
521 2924 659 2981 limanda
674 2924 728 2979 erit

160 2999 312 3069 uin-modi,
329 3005 357 3054 et
371 2998 436 3063 erit,
447 2996 578 3062 velimus,
591 2995 724 3060 nolimus,

139 3070 317 3127 sustinenda.
326 3072 396 3127 Cum
407 3070 482 3126 onim
496 3068 578 3125 liberi
588 3083 725 3132 essemus,

139 3141 297 3197 voluntarie
309 3157 359 3197 nos
373 3141 501 3198 servituti
511 3138 683 3211 subjecimus
694 3157 700 3196 ε
711 3160 724 3191 n

138 3213 200 3269 haee
217 3215 408 3280 Hieronymus.

175 3288 191 3350 d
202 3284 320 3339 Coenon
329 3298 647 3338 ousescurrnerossusr
661 3300 726 3339 con-

141 3365 274 3410 linearis
297 3352 429 3410 venenu?
452 3353 506 3419 Qui
520 3354 657 3409 Dominus
681 3371 726 3411 re-

141 3424 308 3495 spondendo
324 3424 470 3493 discipulis
484 3424 559 3479 dimit
577 3425 637 3478 illis
649 3442 655 3480 :
666 3429 727 3484 Non

139 3513 230 3552 omnes
246 3499 359 3567 copiunt
371 3497 482 3551 uerbum
494 3496 571 3550 istud
582 3495 727 3553 contineu-

140 3566 198 3637 tiae,
218 3567 325 3624 scilicet
340 3571 372 3623 ut
387 3565 525 3639 impleant
544 3572 571 3624 et
588 3583 618 3623 se
633 3567 725 3624 conti·

140 3645 239 3708 noant,
256 3638 324 3711 quia
341 3656 398 3695 non
417 3656 518 3696 omnes
546 3655 647 3712 capere
669 3657 725 3696 ro-

139 3710 209 3773 lunt,
238 3728 289 3767 nec
314 3728 414 3768 omnes
434 3719 581 3783 acceptum
607 3712 724 3779 liabent,

138 3782 236 3839 audiet
258 3782 336 3839 enim
358 3783 516 3841 iniuriosus
539 3790 568 3841 et
596 3782 726 3854 displicet

142 3854 187 3923 ei;
203 3856 251 3911 sed
264 3856 364 3926 quibus
385 3857 481 3911 dotum
499 3861 539 3911 cst
562 3872 579 3913 a
600 3858 669 3926 lieo,
692 3872 724 3912 ox

138 3927 254 4000 speciali
263 3943 390 3989 munere,
403 3926 471 3998 quia
485 3934 574 3984 status
584 3928 659 3983 altus
670 3932 723 3996 est,

138 4000 175 4056 ad
190 4015 274 4072 quem
286 4016 343 4055 non
355 3998 490 4068 valemus,
507 3999 560 4055 nisi
574 4015 607 4055 en
621 3999 723 4070 gratia,

137 4073 300 4129 ascendere.
322 4072 402 4128 Unde
419 4070 487 4128 dicit
513 4068 632 4142 Sapiens
649 4071 724 4141 quod

137 4146 221 4202 Nemo
235 4149 323 4215 potest
343 4160 399 4200 esse
417 4146 567 4206 continens,
583 4144 639 4197 nisi
653 4146 724 4198 Deus

138 4216 193 4270 det.
210 4217 248 4272 Ac
269 4217 292 4272 si
311 4214 406 4273 dicat:
421 4217 482 4272 Non
498 4230 576 4281 casu,
598 4228 649 4270 seu
666 4214 723 4269 ior-

138 4286 450 4358 tunarirginestiunt;
471 4288 520 4345 sed
545 4285 593 4357 qui
621 4301 637 4343 a
664 4287 722 4343 Deo

138 4361 239 4427 petunt
249 4365 278 4415 et
290 4359 421 4417 laborant
435 4364 466 4419 nt
478 4357 629 4432 accipiant.
643 4357 722 4416 Unde

779 483 984 550 Hieronymus:
1001 502 1013 532 ι
1038 481 1131 538 Nemo
1146 485 1237 554 putet
1257 484 1308 542 snb
1325 485 1369 541 hoc

782 554 879 621 verbo,
896 552 1043 610 vellatum
1059 555 1104 608 rel
1123 554 1278 614 loctunam
1289 560 1371 614 intro-

781 625 858 693 duci,
873 625 950 695 quod
964 625 991 680 tii
1005 631 1070 681 sunt
1085 625 1234 698 virgines,
1248 631 1371 698 nutuuss

780 700 837 754 Deo
864 698 960 753 datum
984 696 1019 752 sit
1043 705 1094 753 aut
1114 714 1193 768 qil-s
1212 701 1371 770 quidemst

780 770 833 826 hoe
854 785 936 824 casus
953 770 1123 838 adduxerit3
1141 771 1199 827 sed
1223 772 1271 829 his
1285 774 1371 830 daton

780 847 822 897 est
835 840 883 912 qui
894 839 1046 911 petierunt,
1060 844 1109 912 nui
1127 842 1305 913 volitarunt,
1320 844 1370 915 qui.

781 918 811 970 ut
839 912 1009 983 acciperent.
1032 912 1264 972 laboraverunt.
1301 916 1372 974 (imni

781 984 856 1041 euim
874 984 979 1056 petenti
998 984 1125 1053 dabitur,
1141 991 1173 1042 et
1190 992 1370 1058 quaerensin-

781 1056 885 1119 reniet,
901 1061 929 1111 ct
948 1056 1070 1127 pulsanti
1091 1058 1259 1129 aperietur.
1277 1081 1292 1112 n
1305 1060 1371 1117 Unde

781 1134 810 1184 et
836 1130 1041 1197 Clsrysostomus
1063 1145 1070 1183 :
1104 1151 1120 1181 ι(
1136 1131 1206 1187 Non
1225 1133 1307 1197 dixit,
1321 1148 1370 1188 non

782 1216 881 1256 omnes
900 1205 1036 1271 possunt3
1053 1200 1116 1272 ssd,
1133 1219 1196 1258 non
1220 1221 1314 1262 omncs
1337 1222 1370 1259 cn·

780 1276 874 1343 piant,
895 1272 980 1328 idest
1004 1288 1104 1329 omnes
1119 1289 1235 1345 capere
1250 1282 1369 1345 possunt

783 1350 951 1399 nontamen
977 1359 1079 1415 capcre
1095 1345 1217 1404 volunt.
1251 1350 1279 1406 Si
1306 1347 1370 1404 enirn

782 1415 898 1497 quidam
918 1415 946 1470 in
963 1432 1057 1488 pugna
1070 1418 1195 1485 cadunt,
1209 1420 1370 1477 noscaden-

782 1491 854 1544 tium
867 1486 1047 1557 negligentiae
1064 1486 1218 1559 imputare
1232 1493 1369 1557 debemus,

782 1575 840 1614 non
853 1557 1012 1615 diitlcultati
1028 1559 1157 1617 virtutis.
1183 1565 1308 1631 Quando
1324 1579 1369 1619 au·

782 1634 839 1687 tem
851 1629 937 1687 dicit:
952 1631 1006 1688 Sed
1017 1631 1119 1701 quibus
1135 1634 1244 1692 dutum
1253 1643 1296 1691 est
1305 1657 1314 1702 ς
1324 1651 1369 1691 non

782 1701 1370 1775 hocsignificat'quoniamquibusdamdu·

783 1773 1011 1844 tunquiliusdam
1023 1791 1089 1830 vero
1101 1791 1162 1833 non
1172 1778 1280 1847 datur;
1293 1777 1370 1835 srdii

783 1844 831 1901 lud
839 1845 1170 1918 taritnmostenilit,quia
1182 1850 1240 1906 nisi
1248 1850 1370 1908 auxilinm

783 1916 882 1987 gratiss
904 1920 1109 1989 acceperimus,
1135 1921 1215 1978 nihil
1238 1939 1273 1980 ex
1302 1920 1371 1980 nuliis

783 1988 917 2045 valemus.
937 1989 1075 2056 Quoniam
1098 1998 1203 2050 autem
1219 1995 1370 2051 volentibus

783 2061 875 2127 pratia
890 2077 947 2116 non
964 2067 1094 2127 necatur,
1109 2062 1138 2119 in
1149 2066 1311 2137 Evangelio
1325 2067 1370 2123 tio·

783 2134 879 2188 minus
894 2132 962 2188 dicit
978 2136 1089 2200 :Petite
1104 2139 1130 2191 et
1145 2134 1271 2194 dubitur
1284 2139 1368 2202 cutm

783 2207 905 2274 quarite,
925 2210 949 2259 et
964 2208 1124 2274 irruentett's3
1136 2211 1267 2278 pulsate,
1281 2217 1369 2279 crope-

782 2277 970 2332 rteturoobis.
1000 2278 1086 2333 [tebet
1116 2286 1219 2337 autem
1248 2282 1370 2338 voluntas

783 2349 955 2414 precedere,
980 2353 1009 2404 et
1034 2349 1074 2403 sic
1101 2352 1240 2419 scirentur
1273 2352 1366 2419 pratia

783 2420 852 2474 dam
869 2419 962 2488 gratia
975 2419 1035 2476 sine
1049 2420 1200 2481 voluntate
1218 2425 1291 2481 nihil
1308 2440 1370 2495 ope-

783 2498 873 2557 ratur,
891 2507 942 2547 uec.
957 2492 1087 2549 voluutas
1105 2492 1169 2550 siue
1185 2499 1294 2566 gratia.
1311 2498 1370 2552 liam

783 2568 811 2617 et
835 2569 911 2619 terre
936 2580 994 2619 non
1019 2563 1164 2634 germinat.
1181 2568 1237 2623 nisi
1255 2567 1370 2640 pluriam

784 2634 949 2705 susceperit,
963 2652 1013 2692 neu
1028 2635 1124 2707 pluria
1140 2638 1303 2697 t'ructiticat
1317 2639 1371 2696 sinc

783 2710 861 2762 terra
878 2724 883 2760 :
900 2728 914 2756 u
932 2708 992 2764 lime
1009 2709 1233 2777 chrysostomus.

820 2782 834 2833 5
852 2779 1037 2836 Commium
1054 2797 1171 2837 rnrrnex
1189 2800 1197 2837 ε
1216 2799 1369 2841 conmori

783 2858 928 2918 anirum,
944 2870 961 2907 s
976 2870 1042 2908 cusu
1056 2869 1108 2907 rer.
1120 2869 1286 2919 vienensis.
1301 2872 1369 2912 nro·

784 2938 904 2979 uuursre
919 2942 951 2980 nr
966 2941 1073 2980 oneris.
1095 2955 1126 2965 —
1145 2926 1182 2981 Et
1201 2943 1238 2983 ne
1263 2940 1369 2984 omnem

784 2993 989 3052 continentiam
1008 3000 1140 3068 putarent
1155 2996 1333 3056 laudabilem
1346 3002 1369 3052 et

783 3065 970 3133 meritoriam,
986 3071 1201 3137 consequenter
1222 3068 1369 3141 distinguit

783 3152 845 3193 eam
864 3138 1029 3211 triplicem:
1047 3139 1140 3209 prima
1163 3145 1209 3197 est
1226 3146 1369 3199 eontracta

783 3225 801 3264 a
816 3217 918 3266 natura
931 3228 937 3278 ;
952 3212 1088 3278 secunda,
1106 3227 1123 3267 a
1143 3227 1226 3281 casu,
1244 3216 1306 3271 sire
1320 3210 1370 3268 rio

783 3280 890 3350 lentia;
906 3281 1001 3347 tertia,
1019 3298 1037 3339 a
1055 3284 1206 3340 voluntate
1225 3293 1257 3343 et
1273 3283 1368 3357 pretia

782 3354 854 3410 Sunt
869 3357 941 3409 enim
960 3357 1097 3422 Eunuchi,
1114 3353 1142 3410 id
1164 3361 1207 3412 cst
1227 3357 1369 3414 continen-

784 3427 836 3493 tes,
853 3433 882 3481 et
896 3432 949 3493 ost,
968 3428 1287 3496 secundumlsidorum,
1302 3444 1366 3498 gre·

782 3512 845 3552 cnm
865 3498 1050 3565 vocabulum,
1067 3500 1116 3568 yut
1134 3497 1169 3552 de
1181 3504 1286 3555 matris
1300 3507 1367 3556 utero

782 3571 822 3623 sic
837 3571 898 3623 riuti
914 3575 989 3637 sunt,
1005 3570 1066 3625 sine
1080 3568 1296 3637 instrumentis,
1315 3572 1368 3627 sira

783 3639 893 3709 frigidm
909 3648 1029 3709 naturus,
1053 3639 1111 3712 qui,
1135 3640 1255 3714 proprie
1276 3643 1367 3700 dicun·

782 3715 829 3767 tur
840 3715 967 3777 castrati,
981 3712 1061 3782 quasi
1078 3718 1154 3768 caste
1170 3712 1243 3769 nati.
1259 3718 1296 3773 lit
1310 3716 1367 3770 uoti

785 3786 918 3847 Eunuchi,
935 3787 984 3855 qui
998 3787 1069 3852 sueti
1082 3789 1147 3840 stent
1158 3786 1194 3839 oli
1204 3787 1366 3851 dominibus,

781 3854 884 3926 quibus
908 3861 1039 3913 secantur
1064 3856 1212 3928 genitalia.
1234 3860 1286 3930 qui
1306 3872 1367 3930 pro-

781 3925 842 3999 prie
866 3926 1002 3984 dicuutur
1027 3928 1185 3999 spadones,
1215 3944 1234 3985 a
1260 3930 1365 4001 spatha,

780 4015 886 4081 genere
904 3999 982 4065 torri,
1010 4015 1067 4070 quo
1080 4001 1320 4059 eunuchizantur.
1335 4000 1363 4055 Bt

780 4080 842 4127 istus
862 4071 926 4127 dure
942 4088 999 4128 uon
1014 4078 1081 4128 sunt
1092 4071 1264 4143 laudabiles,
1281 4079 1309 4129 et
1320 4085 1366 4128 nes

780 4142 946 4211 meritorie,
975 4160 1027 4200 neo
1061 4142 1268 4215 demeritoriae,
1302 4141 1364 4222 quia

780 4213 948 4272 necessitate
966 4216 1050 4285 siunt,
1065 4232 1124 4272 non
1136 4216 1296 4285 voluntate,
1315 4214 1363 4271 nist

778 4284 808 4342 in
823 4294 960 4357 quantum
973 4303 1024 4359 per
1032 4287 1209 4345 voluntatem
1218 4294 1361 4372 acceptan-

778 4361 833 4416 tur.
857 4359 1019 4417 Secundum
1048 4362 1261 4432 Hieronymum,
1292 4363 1361 4418 inim
