2842 4920
389 356 428 408 llll
457 354 635 410 virtituti
664 358 830 413 ttltoltt'tt
859 358 1021 413 tittltnnt.
1287 364 1330 418 tts

95 463 166 522 Vide
181 463 270 521 etiam
285 462 354 534 qnia
368 476 401 518 er
414 462 469 518 hoo
489 462 566 533 qnod
579 477 683 536 procn-

93 538 216 593 rabatur
238 534 382 607 promotio
405 533 526 591 duorum
551 535 682 607 fratrum,

93 608 142 667 alii
158 608 295 665 deeemA
335 605 398 663 stoli
419 606 532 662 luerunt
549 606 682 675 indipna-

93 680 130 749 ti;
154 680 195 738 sie
221 685 267 736 est
289 621 334 735 tie0
347 677 444 735 multis
464 677 559 747 hodie,
581 678 627 751 qui
649 696 682 737 eo

92 751 158 827 ipso
184 750 263 824 quod
286 751 383 808 rident
410 749 482 807 alios
509 751 683 823 promoueri,

94 824 226 882 inrident
246 826 343 880 statim
361 826 389 879 et
407 821 603 895 indignantur.
626 825 683 880 llu-

740 471 784 520 est
798 463 871 521 inter
894 464 992 521 mundi
1008 467 1093 537 liujus
1113 473 1279 539 potestates,
1294 474 1325 526 ut

739 535 786 592 ille
800 536 901 593 ceteris
922 537 1093 607 dominetur,
1110 537 1159 610 qni
1176 541 1267 612 major
1282 556 1326 597 eo·

739 608 807 665 teris
821 607 942 667 ridetur.
967 609 1113 681 llajoritas
1133 610 1209 667 enim
1230 611 1258 668 in
1277 628 1322 668 re-

739 696 797 751 gno
812 696 875 737 mee
892 698 948 738 non
971 683 1071 739 eodem
1092 684 1176 740 modo
1193 682 1324 755 acuniri-

740 761 796 821 tur,
816 752 889 809 sieut
903 752 931 809 in
951 770 1039 826 regno
1066 761 1191 825 terreno,
1212 760 1278 828 quia
1294 755 1324 813 in

739 840 827 891 regno
853 831 965 882 terreno
986 826 1142 898 arqrtiritur
1160 844 1210 900 ρνν
1233 827 1324 885 ambi·

91 896 172 954 milis
187 900 286 953 atrlom
302 898 451 965 Dominus,
467 911 500 951 ae
514 898 578 966 pius
589 898 681 961 l‘nter,
740 896 845 952 tionem
861 903 887 953 et
911 904 1093 970 potestatem,
1114 899 1164 956 sed
1189 901 1217 956 in
1233 916 1323 969 regno

92 974 122 1025 et
136 967 218 1026 mitis
233 967 379 1040 Magister,
397 982 449 1023 nec
474 968 636 1039 cupiditatis
655 972 684 1024 et
711 942 715 1021 i

739 984 803 1025 meo
818 969 977 1041 aequiritur
993 971 1137 1027 contrario
1152 972 1248 1037 modu,
1265 970 1322 1028 sei·

92 1040 263 1099 ambitionis
284 1039 356 1097 duos
383 1038 475 1111 arguit
497 1040 682 1111 postulantes,
711 1032 714 1099 Ι
740 1039 805 1096 lieet
824 1056 876 1112 per
891 1043 1089 1101 numilitatem.
1099 1046 1183 1111 Quasi
1197 1043 1323 1101 diceret:

92 1128 145 1170 nee
159 1114 261 1170 decem
276 1111 402 1184 reliquos
416 1110 623 1181 indignationis
637 1111 682 1167 in·

91 1200 141 1243 cre
181 1188 234 1241 tet
248 1183 366 1251 livoris,
382 1184 432 1239 sod
447 1182 508 1254 ipse
521 1183 683 1240 misericors

94 1262 124 1314 et
140 1202 296 1339 maignus,
312 1254 361 1327 qui
374 1260 417 1312 est
433 1262 594 1327 pernostra
608 1261 683 1312 utra·

98 1344 156 1401 qne
171 1328 277 1386 metens
291 1343 392 1396 unum,
407 1342 478 1398 utros
492 1327 528 1383 ad
544 1328 683 1399 apostola·

100 1405 164 1457 tum
188 1406 350 1469 vocaverat,
372 1403 400 1456 el
419 1400 522 1455 ail'ectn
539 1400 684 1471 sejunctos

99 1470 219 1544 aspexit,
234 1472 308 1529 dnos
323 1486 375 1542 per
389 1470 530 1542 snperbia
549 1471 683 1543 postulu-

97 1548 220 1611 ttonem,
232 1543 332 1601 decem
346 1558 399 1615 per
408 1541 611 1611 indignationis
625 1549 682 1599 tur·

93 1614 253 1687 mitonem,
270 1614 307 1672 ad
321 1631 351 1671 se
368 1620 513 1686 tamquam
534 1614 569 1671 ad
586 1616 684 1672 salutis

93 1687 302 1760 mediumque
316 1686 525 1759 mitigarentur,
538 1692 683 1759 tamquam

93 1760 131 1817 ad
155 1762 236 1831 pacis
260 1759 415 1827 vincutum,
443 1758 681 1829 quotiensnon,

92 1836 243 1903 tamqnam
262 1832 298 1888 ad
315 1829 426 1887 virtutis
443 1828 610 1901 Magistrum
626 1847 683 1903 spuo

89 1900 317 1971 instruerentur,
336 1902 463 1971 rocat'it3
481 1908 511 1959 ut
527 1918 626 1959 omnes
646 1904 682 1959 ab

89 1990 193 2034 errore
208 1981 365 2045 revocaret,
380 1981 413 2031 ut
429 1990 529 2047 pacem
543 1976 683 2031 reforma·
712 1982 715 1999 ¹

88 2052 146 2116 ret,
172 2054 206 2105 ut
228 2047 356 2119 regulam
382 2045 485 2103 debitae
510 2046 684 2118 prelationis

90 2118 233 2188 erudiret,
249 2127 281 2177 ut
299 2135 355 2176 non
372 2125 448 2177 esset
466 2118 601 2176 denarius
620 2117 683 2176 sine

90 2190 208 2249 binario
222 2190 359 2249 caritatis.

131 2284 162 2320 ιι
195 2264 394 2321 Drscnsmsrm
429 2278 509 2319 taren
544 2278 682 2319 enrrcmes

92 2336 223 2393 uisatur
242 2353 275 2393 m
289 2352 426 2393 rnrserres
441 2336 585 2391 Eccnesrs.
600 2364 633 2375 —
649 2335 683 2390 El

90 2411 234 2479 utrosque
253 2425 284 2465 re
305 2408 411 2465 rimens
432 2405 516 2479 eoepit
537 2422 587 2464 eos
604 2408 683 2463 tosus

91 2478 201 2537 docere
226 2479 261 2537 de
284 2424 445 2536 inmilitate
460 2495 511 2551 per
525 2494 610 2551 qnam
629 2479 681 2535 ho·

89 2566 148 2609 nor
168 2551 294 2609 roelestis
318 2550 474 2624 aequiritur
498 2556 526 2607 el
552 2556 682 2607 terrenus

88 2623 298 2691 contemnitur,
313 2621 536 2679 reeoeoettenim
551 2638 594 2677 cos
609 2624 645 2677 ed
655 2639 683 2678 se

87 2700 116 2752 et
135 2698 200 2751 aits
220 2697 304 2753 Scitis
319 2698 387 2767 quio
402 2710 485 2767 reges
501 2699 530 2750 et
542 2696 683 2765 principes

89 2768 227 2827 dentium
241 2768 428 2831 dominantur,
448 2765 573 2822 violenta
587 2765 680 2822 domi-

88 2838 211 2897 natione
231 2844 259 2895 et
282 2839 432 2912 potestatis
451 2836 618 2906 ambitione,
637 2855 682 2893 eo-

89 2928 167 2975 rum,
183 2910 211 2968 id
233 2916 276 2968 est
295 2910 469 3038 ¹populorum
491 2908 681 2979 subditorum,

93 2988 123 3039 et
137 2988 182 3041 est
200 2981 249 3041 hic
263 2998 293 3039 re
306 2988 364 3039 atro
392 2983 428 3040 ad
447 2981 640 3049 intellcetnm;
657 2986 683 3038 et

94 3057 144 3125 qni
158 3056 276 3127 majores
290 3060 366 3123 sunt,
380 3059 543 3127 potestatem
557 3058 684 3109 exercent

97 3128 129 3181 in
146 3140 197 3193 eos,
221 3126 332 3184 seilicet
349 3125 532 3183 humiliantes
551 3142 612 3192 eos,
633 3139 684 3197 per

94 3212 178 3254 snam
186 3199 345 3272 potentiam
359 3206 386 3255 et
394 3197 585 3271 angariantes.
597 3195 682 3264 Quasi

92 3268 204 3327 diceret
218 3288 226 3327 ι
242 3271 324 3344 Apud
340 3278 469 3327 terrenos
489 3270 575 3326 nabet
589 3268 683 3325 lorum

739 1114 796 1169 Vos
810 1128 888 1169 more
903 1115 1073 1171 secularium
1085 1115 1189 1185 petitis,
1198 1121 1227 1172 et
1240 1115 1324 1172 vultis

739 1200 791 1257 per
805 1185 1000 1267 praelationem
1020 1186 1115 1244 venire
1137 1188 1173 1243 ad
1195 1188 1325 1259 requiem

739 1263 769 1313 et
785 1274 864 1327 regm
880 1260 1101 1329 possessionem,
1117 1275 1179 1315 cum
1196 1267 1326 1316 econtra

740 1329 775 1385 ad
791 1344 930 1386 summam
940 1330 1072 1387 virtutem
1084 1331 1255 1387 ascendatur
1266 1347 1324 1387 non

740 1401 919 1482 imperando,
936 1403 985 1458 sod
998 1401 1184 1458 ministrando
1197 1419 1204 1471 ;
1218 1410 1246 1459 et
1259 1403 1324 1459 ideo

740 1489 797 1529 mm
815 1479 853 1529 ita
869 1473 922 1530 erit
936 1473 1011 1530 inter
1023 1490 1083 1543 ros,
1092 1474 1164 1531 sieut
1176 1474 1251 1531 inter
1263 1490 1323 1531 uos.

740 1546 810 1601 Nam
829 1544 858 1600 in
882 1562 970 1615 regno
986 1551 1099 1603 terreno
1122 1548 1232 1619 praelati
1258 1552 1325 1602 sunt

741 1616 868 1685 domini;
898 1624 943 1674 ast
970 1624 1093 1675 restrum
1118 1633 1240 1689 regnum
1266 1635 1325 1675 non

740 1695 781 1745 est
804 1695 959 1758 terrenum,
984 1692 1033 1747 sed
1060 1689 1220 1763 spirituale,
1247 1691 1325 1747 unde

739 1776 792 1833 per
813 1761 973 1834 oppositum
993 1763 1077 1819 debet
1097 1762 1124 1819 in
1152 1764 1231 1820 robis
1250 1780 1324 1832 esse,

740 1834 874 1903 qurnriam
889 1834 999 1906 praelati
1016 1834 1147 1891 Ecclesia
1162 1840 1227 1891 sunt
1242 1834 1325 1890 mini-

740 1904 801 1960 stri.
821 1906 899 1960 Unde
918 1906 959 1961 ait
974 1908 1102 1973 Uripenes
1119 1924 1125 1962 :
1141 1928 1155 1958 «
1177 1909 1254 1962 lnter
1275 1922 1325 1963 ros

739 1976 883 2046 antoniani
900 1976 968 2031 estis
996 1977 1061 2045 mei,
1084 1994 1140 2033 non
1159 1979 1323 2046 ornntluec;

739 2045 873 2119 qnoniam
890 2048 937 2119 utri
950 2046 1090 2119 principes
1113 2054 1179 2104 sunt
1191 2048 1324 2174 spiritua·

740 2118 977 2245 lesgrineipatus
995 2134 1107 2175 eornm
1127 2122 1155 2175 in
1176 2119 1202 2175 di
1216 2118 1327 2176 ectiouo

742 2191 794 2246 snb
818 2189 921 2248 iturum
940 2192 1025 2248 ‹lolret
1054 2206 1117 2248 esse
1143 2190 1324 2264 positus,non

738 2262 767 2318 in
784 2261 885 2319 timore
905 2262 1044 2336 corporali
1060 2280 1066 2320 :
1080 2284 1094 2317 n
1111 2265 1172 2321 htec
1186 2265 1325 2332 Oripenes.

739 2335 818 2392 Unde
834 2336 930 2392 subdit
950 2337 1103 2393 Uominus:
1130 2338 1185 2395 Sed
1197 2339 1327 2419 oretenus-

739 2424 801 2478 que,
826 2409 884 2464 sire
902 2410 1017 2478 notulis,
1037 2408 1097 2465 sire
1118 2407 1261 2479 ignobilis,
1277 2423 1325 2465 no·

739 2481 822 2560 luerit
837 2482 909 2535 inter
925 2496 971 2537 eos
986 2483 1159 2552 minoritam
1175 2480 1326 2538 sanctitate

740 2557 766 2607 et
787 2552 934 2623 dignitato,
955 2555 993 2608 sit
1014 2557 1099 2608 cester
1115 2556 1251 2615 minister,
1269 2569 1327 2608 non

739 2620 894 2695 primatum
921 2624 1084 2693 ambiendo,
1111 2625 1161 2680 sed
1181 2623 1327 2680 humiliter

740 2694 939 2761 ministrando,
959 2702 987 2753 et
1006 2712 1035 2753 se
1054 2696 1082 2751 in
1106 2694 1326 2767 obsequiishu-

740 2766 869 2823 militatis
892 2768 1050 2824 exercendo
1065 2784 1072 2835 ;
1090 2773 1116 2823 et
1135 2772 1185 2839 qui
1209 2768 1328 2823 coluerit

739 2841 812 2893 inter
835 2855 881 2895 eos
895 2843 1002 2908 irritans
1018 2856 1083 2902 esse,
1104 2840 1195 2895 idest
1221 2842 1327 2911 prima·

739 2914 801 2965 tum
818 2910 933 2971 haltere.
948 2914 1000 2966 erit
1011 2916 1099 2966 uester
1111 2925 1215 2972 semus,
1228 2914 1256 2965 et
1268 2924 1327 2964 om-

741 2980 820 3037 nium
833 2981 1014 3051 norissimus,
1031 2996 1087 3037 non
1103 2998 1136 3038 er
1151 2980 1325 3049 conditione,

741 3054 790 3109 sod
805 3069 838 3109 ex
854 3052 982 3121 raritate,
1010 3070 1067 3109 non
1088 3070 1121 3110 ex
1137 3050 1325 3124 pusillanimi·

741 3130 809 3193 tate,
824 3124 874 3181 sed
898 3142 930 3181 es
948 3124 1116 3182 hnmilitate.
1135 3124 1214 3181 Unde
1226 3125 1326 3181 neno:

743 3222 756 3245 «ι
772 3200 803 3253 ln
828 3212 884 3278 qno
906 3198 989 3254 docet
1006 3214 1071 3254 eum
1091 3198 1228 3269 majorem
1252 3210 1326 3264 esso,

741 3268 788 3339 qni
806 3284 899 3324 minor
913 3269 1014 3338 luerit;
1031 3275 1058 3327 et
1078 3269 1158 3326 illum
1179 3267 1327 3325 dominum

91 3340 266 3413 dominatio,
279 3350 308 3400 et
322 3340 441 3399 dominii
452 3340 604 3409 exsecutio,
618 3340 685 3413 quia
741 3342 815 3411 lieri,
833 3340 880 3412 qni
896 3341 1025 3398 omnium
1041 3358 1138 3399 servus
1152 3339 1198 3398 sit.
1212 3342 1329 3398 Frustra

90 3412 263 3472 desiderare
291 3413 464 3487 primatum,
491 3418 520 3471 et
546 3428 683 3484 usurpare
714 3451 716 3459 ·
742 3412 829 3483 igitur
856 3419 906 3470 ant
930 3414 970 3470 illi
998 3413 1187 3471 immoderata
1209 3413 1327 3486 quaesie-

90 3484 239 3543 honorem
252 3487 384 3544 Gerrtium
399 3491 453 3555 est,
463 3490 489 3542 et
503 3500 560 3541 non
573 3488 683 3540 tantum
713 3468 717 3573 i
741 3492 818 3553 rant,
834 3492 883 3542 aut
903 3484 950 3541 isti
972 3486 1069 3543 dolent
1083 3502 1169 3559 snper
1185 3487 1327 3559 majorum

90 3572 198 3631 regere
211 3572 279 3616 suos
295 3560 450 3629 subiectos,
464 3556 611 3614 sedetiam
628 3555 685 3612 rio·
713 3586 716 3637 5
742 3556 896 3625 desiderio,
916 3574 979 3615 enin
1000 3559 1037 3616 ad
1061 3559 1252 3615 summitatem
1269 3558 1326 3614 vir·

90 3628 191 3687 lenter
205 3629 247 3687 eis
260 3631 412 3688 dominari.
431 3628 510 3687 Unde
524 3629 684 3699 Clerpsosto·
713 3648 717 3711 3
742 3635 835 3685 tntum
851 3646 908 3686 uon
951 3630 1069 3698 olentia,
1094 3632 1143 3687 scd
1166 3630 1328 3688 humilitate

89 3718 155 3757 mus
173 3721 182 3757 ν
199 3722 214 3753 ν
229 3702 360 3759 Ostendit
373 3709 469 3759 autum
485 3700 513 3756 in
528 3700 592 3769 hoe,
608 3698 685 3771 qnod
714 3750 717 3769 ,
741 3701 906 3758 veniatur.»
942 3704 1089 3760 ndeetiam
1101 3705 1326 3771 Cirpsostomus:

89 3771 204 3900 &cotila
229 3778 275 3830 est
300 3774 439 3845 primatus
466 3788 569 3845 cupere
598 3770 684 3829 etsie
714 3798 717 3819 =
745 3794 755 3819 ·
775 3774 907 3829 Frmtnm
928 3774 1095 3832 numilitatis
1113 3777 1209 3847 posuit
1222 3773 1327 3846 prima-

117 3843 232 3900 entium
259 3850 482 3918 comparatione,
500 3859 599 3901 eornm
622 3842 684 3899 ani·
714 3842 718 3911 l
741 3850 803 3899 tum
821 3844 975 3916 coelestem,
996 3853 1024 3903 et
1047 3847 1076 3903 in
1092 3848 1215 3920 primatu
1237 3854 1327 3899 terre·

90 3930 173 3973 mam
189 3921 357 3974 aestuantem
373 3916 520 3975 convertit.
538 3936 551 3967 e
563 3918 606 3983 tit,
619 3913 686 3985 utria
743 3915 794 3971 stri
809 3916 930 3973 ferretum
945 3919 1038 3991 posuit
1053 3918 1250 3976 confusionem
1270 3930 1324 3970 cte·

90 3986 166 4045 nihil
194 3986 235 4045 sic
253 3991 340 4046 corda
357 3990 505 4047 hominum
526 3988 562 4045 alr
578 3986 685 4043 unitate
743 3986 855 4057 lestcnr,
871 3994 901 4045 ut
916 3991 1087 4062 criticumque
1111 3989 1256 4046 desiderat.
1269 3984 1326 4056 pri·

87 4059 308 4141 pacisseparat,
322 4063 396 4118 sient
408 4059 624 4133 superluminari
636 4060 687 4115 lto·
743 4064 852 4116 rnatum
867 4062 1020 4129 endestem,
1037 4067 1173 4141 sentiatur
1186 4057 1328 4114 humilita-

87 4130 197 4188 minus
215 4133 251 4189 ad
269 4134 460 4190 humilitatem
474 4131 626 4203 discipulos
645 4147 687 4187 ro·
743 4139 801 4187 tent
832 4139 1018 4202 terrestrenr;
1040 4146 1210 4203 quicumque
1231 4136 1328 4185 autem

87 4202 182 4275 ducit,
200 4204 309 4263 docens
323 4207 417 4263 hosat
434 4206 498 4261 illos
515 4219 572 4260 non
589 4206 686 4259 rerrtu·
744 4204 949 4263 desideraverit
963 4205 1115 4278 primatum
1130 4203 1159 4259 in
1176 4210 1263 4271 terra,
1282 4201 1327 4257 in·

87 4294 142 4335 ros
157 4276 196 4335 ad
208 4277 401 4351 reguumnisi
417 4293 467 4349 por
482 4274 686 4356 humilitatem.
745 4275 1039 4334 renietconlusionem
1051 4272 1327 4345 incoloutjamin·

88 4351 169 4415 Non,
192 4347 297 4423 inquit,
312 4354 354 4407 ito
369 4354 422 4407 erit
446 4352 520 4405 iuter
540 4362 596 4409 eos.
615 4353 687 4404 sicut
746 4352 789 4405 ter·
804 4364 899 4405 servos
911 4348 1015 4405 dimisti
1031 4364 1088 4405 non
1103 4350 1139 4405 sit
1153 4347 1188 4405 do
1202 4346 1327 4420 primatu
