2820 4928
143 354 189 408 stu
518 350 675 404 SECUNDAE
703 347 821 404 rantis
847 347 955 402 CAPUT
986 349 1007 402 1,

143 461 212 517 dum
228 477 244 517 a
258 460 335 517 bono
351 475 437 588 opere
462 459 614 516 virtutibus
633 471 729 526 ornos,

143 532 290 589 infirmum
311 532 340 588 in
376 533 422 589 ide
441 534 621 597 corrobores,
637 529 729 586 tribu·

143 604 248 661 latione
264 621 314 661 seu
329 620 443 661 carcere
453 604 576 660 tristitiae
590 616 730 675 oppresso

142 675 293 732 subvenias
322 677 531 749 compatiendo,
553 677 597 731 sel
626 689 729 730 conso-

143 747 304 816 landolini
321 748 397 806 onim
413 751 474 805 liae
489 749 566 816 facit,
580 762 677 802 voram
688 744 730 800 di·

141 818 289 876 lectionem
315 825 343 878 ol
363 820 510 877 caritatem
536 818 683 890 adimplet,
700 822 729 873 et

140 891 201 947 haec
213 893 322 965 majora
334 900 491 965 suntquam
501 891 557 948 alia
570 889 727 960 praemissa,

139 963 215 1035 quia.
231 970 262 1019 ut
281 965 321 1020 ait
337 966 496 1034 mosomus,
513 964 576 1036 plus
590 966 633 1018 est
647 962 726 1016 verbi

138 1035 243 1108 pabulo
259 1036 397 1093 victuram
417 1036 445 1092 in
464 1042 632 1109 perpetuum
648 1048 727 1114 men·

140 1112 197 1164 tem
217 1109 348 1178 reficere,
361 1124 445 1180 quam
465 1115 594 1164 ventrem
609 1111 727 1161 moritu·

140 1195 180 1235 rae
194 1179 288 1236 carnis
303 1186 418 1237 terreno
434 1195 508 1252 pane
520 1177 634 1236 satiare.
648 1176 728 1233 Unde

141 1253 372 1322 chrysostomus:
390 1251 447 1309 «Si
473 1253 534 1308 hmo
552 1249 650 1306 omnia
664 1264 726 1304 cor-

140 1325 277 1395 poraliter
292 1325 458 1396 corporibus
471 1321 575 1380 Christi
588 1320 728 1378 ministra-

140 1412 172 1452 re
190 1410 301 1468 magnae
315 1395 500 1453 beatitudinis
513 1400 568 1464 est,
585 1410 648 1465 ques
664 1408 727 1449 om·

143 1467 211 1523 nino
235 1475 299 1542 post
319 1469 464 1524 modicum
492 1471 558 1523 sunl
587 1469 726 1537 peritura,

141 1544 226 1613 putas
252 1545 366 1610 quantas
387 1537 572 1595 beatitudiuis
595 1543 648 1607 est,
665 1538 727 1593 haec

142 1609 238 1666 omnia
251 1609 435 1681 spiritualiter
448 1610 600 1666 animabus
613 1608 731 1680 pericli·

140 1682 267 1737 lantibus
278 1681 450 1751 ministrare,
464 1680 566 1751 quibus
581 1680 730 1735 vivissnatae

140 1754 253 1825 possint
271 1751 367 1808 virere
390 1751 419 1808 in
442 1751 599 1808 aeternuinl
616 1753 729 1819 Quanto

142 1824 242 1880 melior
258 1830 301 1880 est
313 1823 410 1880 anima
423 1840 508 1896 quam
521 1840 637 1896 corpus,
649 1828 730 1879 tanto

141 1896 260 1954 meliora
274 1903 340 1952 sunt
356 1913 418 1970 quas
434 1895 604 1954 adsalutem
620 1895 729 1952 anima-

141 1984 215 2037 rum,
244 1985 329 2042 quam
351 1986 413 2040 quie
434 1972 470 2027 ad
491 1968 730 2026 sustentationem

142 2057 305 2115 corporum,
319 2042 526 2098 ministrantur.
544 2062 559 2093 n

179 2115 278 2181 tiQurn
304 2130 381 2168 nicer
408 2115 466 2170 Rex
495 2114 595 2170 uunxs‘l
608 2144 642 2154 -
655 2116 730 2170 Tune

142 2184 214 2239 dicet
236 2187 292 2240 ilex
312 2191 337 2240 et
352 2187 396 2240 liis
411 2190 493 2256 quio
522 2188 646 2241 sinistris
669 2188 730 2261 ejus

142 2261 232 2319 erum,
248 2256 275 2310 iit
291 2260 334 2310 est
347 2258 486 2327 reprobis,
501 2256 547 2327 qui
560 2255 686 2328 sinistra,
702 2256 730 2314 id

141 2331 184 2381 est
200 2325 522 2397 temporalia,quamiliu
535 2329 674 2398 vixerunt,
685 2346 731 2386 ar·

142 2397 244 2453 denter
257 2405 425 2453 amaverunt
440 2417 446 2453 :
463 2398 631 2455 disceditea
646 2402 729 2458 meO

143 2468 239 2524 inl'elix
254 2468 388 2525 discessio
400 2470 436 2528 lO
449 2470 520 2526 dura
535 2471 693 2599 separatiol
709 2473 730 2530 0

143 2539 314 2599 miserabilis
329 2542 463 2599 conditio!
478 2542 557 2599 Disce
581 2544 618 2599 ite
631 2561 698 2616 ergo
714 2560 732 2601 a

143 2613 732 2685 melontevitaeindeficientis,amelumi-

144 2703 180 2743 ne
192 2685 290 2760 gloriae
304 2685 505 2756 beatificantis,
520 2705 536 2744 a
550 2703 595 2745 me
605 2694 731 2745 torrente

144 2758 295 2831 voluptatis
311 2757 487 2830 inundantis,
504 2777 520 2814 a
542 2775 587 2815 me
608 2759 732 2831 plenitu-

143 2830 209 2886 dine
230 2831 368 2887 ubertatis
387 2829 572 2900 inebriantis;
591 2833 733 2887 maledicti

143 2901 730 2976 dupliciter:primomaledictionoculpm,

142 2974 192 3030 sed
208 2975 293 3032 modo
317 2975 517 3032 maledictione
540 2990 629 3059 Jioenae
652 2984 732 3033 aeter-

142 3062 195 3111 nas,
211 3049 241 3103 in
256 3051 346 3117 ipnem
364 3057 506 3111 aternum,
524 3063 585 3105 sine
606 3049 662 3106 llne
680 3063 730 3105 ros

142 3134 284 3188 arsurum,
304 3123 353 3190 quii
381 3129 498 3191 paratus
525 3125 564 3176 est
579 3122 689 3176 diodoto
704 3126 730 3176 et

142 3193 248 3260 nripelis
261 3191 331 3260 ejus,
345 3196 375 3249 ut
384 3191 486 3263 quibus
497 3191 621 3264 colligati
637 3191 730 3249 fuistis

145 3262 173 3315 in
192 3262 283 3333 culpa,
306 3263 451 3319 sociemini
470 3263 496 3319 iu
513 3279 607 3334 poena.
625 3265 647 3322 Ο
663 3280 729 3321 con-

143 3331 264 3387 sortium
280 3334 397 3401 malum,
410 3335 547 3392 horribile
562 3337 677 3408 quidem
694 3335 731 3392 ad

144 3400 372 3481 imaginandum,
388 3406 526 3462 horribile
552 3408 673 3481 amplius
694 3408 731 3465 ad

145 3473 309 3540 videndum,
327 3476 376 3531 sed
399 3478 491 3532 adhue
514 3479 679 3536 horribilius
694 3480 731 3536 ad

145 3543 382 3604 ooliahdanduml
399 3549 459 3603 Non
469 3552 613 3618 portastis,
628 3550 730 3622 inquit,

145 3618 253 3673 clavem
268 3616 369 3685 crucis,
386 3619 416 3674 in
433 3635 553 3691 reguum
570 3637 627 3677 non
643 3621 731 3680 iutra-

145 3688 232 3759 hitis;
251 3707 308 3747 non
324 3691 479 3764 navigastis
500 3691 530 3748 in
545 3709 615 3751 nave
629 3695 731 3764 crucis,

145 3762 209 3821 ideo
228 3764 263 3821 ad
278 3769 390 3837 portum
401 3781 459 3821 non
477 3767 667 3838 pervenietis,
684 3768 734 3824 sed

145 3852 259 3908 pinnam
279 3835 376 3893 damni
397 3846 424 3893 ct
450 3855 550 3895 seusus
579 3838 732 3897 habebitis.

147 3910 220 3965 [lum
241 3908 307 3965 miii
340 3907 471 3981 permixti
498 3919 563 3967 sunt
579 3913 673 3981 bonis,
693 3911 732 3968 vi·

146 3980 249 4038 dentur
259 3998 321 4039 esse
336 3997 399 4039 cum
417 3984 484 4050 beo,
494 3983 543 4038 sed
555 3985 668 4041 tandem
679 3983 734 4041 dis-

146 4053 248 4109 cedent
267 4056 303 4112 eh
317 4071 362 4119 eu,
383 4059 411 4111 et
430 4053 579 4110 mittentur
595 4059 622 4112 in
639 4062 733 4126 ignem

147 4130 296 4193 internum,
311 4143 362 4183 nec
373 4126 481 4183 videbit
492 4125 595 4198 impius
611 4126 732 4199 gloriam

144 4194 205 4276 Dei.
221 4198 366 4267 discedite,
376 4197 478 4272 inquit,
490 4201 536 4271 qui
550 4199 642 4256 adhuc
658 4217 733 4258 com·

146 4267 224 4348 mixti
240 4268 333 4325 fuistis
347 4272 431 4328 honis
454 4272 483 4330 in
505 4271 623 4340 mundo,
636 4290 653 4329 a
668 4288 732 4330 mea

147 4336 229 4405 lucie,
254 4340 290 4395 ab
315 4342 392 4398 omni
424 4359 488 4402 mea
515 4343 731 4413 misericordia,

785 457 821 513 ab
831 457 907 512 omni
919 456 1033 528 gioria3
1045 454 1214 525 maledicti,
1222 454 1356 512 sednonsl·

786 527 827 585 dit
843 527 935 597 Petris
950 528 1025 597 mei,
1043 526 1194 600 quuuiam
1209 544 1242 584 ex
1254 528 1356 583 Patres!

786 599 957 667 benedictio,
974 616 1011 658 ex
1034 600 1129 657 nubis
1145 614 1216 656 vero
1237 603 1358 656 maletida

785 671 837 729 Ubi
864 672 905 729 sic
930 671 972 729 alt
998 674 1254 743 chrysostomus:
1273 672 1360 739 «Qus

785 743 836 816 qui
863 761 922 800 non
952 745 1084 801 sutlerat
1108 743 1296 818 presentiam
1321 744 1363 800 ille

785 831 848 872 rum
873 815 917 872 rel
938 817 1093 890 aspicere,
1130 817 1176 873 sie
1202 815 1365 896 inquitzh's

785 889 901 944 ceditee
915 904 973 957 me,
990 904 1064 945 nam
1088 890 1173 945 Deus
1189 889 1239 961 qui
1252 888 1280 944 in
1292 894 1365 945 saud·

784 965 842 1016 tate
853 960 1016 1017 delectatur
1025 960 1219 1028 animarum,
1231 960 1366 1035 peccmiita

785 1033 894 1088 animas
909 1032 1063 1104 aspiciens
1082 1033 1174 1104 quasi
1189 1039 1318 1105 gravatus
1332 1048 1368 1090 noi

785 1105 893 1160 sullert.
909 1107 1077 1176 Tamquam
1096 1106 1123 1161 si
1141 1106 1225 1162 dicat
1240 1105 1368 1174 eistouis'

784 1175 904 1249 putredo
915 1182 943 1232 et
953 1175 1106 1249 spurcitia
1117 1177 1206 1247 estis,
1224 1179 1367 1236 nectendis

785 1264 835 1305 vos
850 1248 992 1317 sustineo,
1009 1250 1162 1321 quamdiu
1180 1249 1268 1307 statis
1280 1248 1306 1306 iu
1318 1248 1366 1323 juli

785 1319 829 1377 cio
843 1321 974 1377 meo.uEt
990 1320 1118 1379 iterum:
1133 1344 1150 1374 α
1166 1324 1367 1387 neomaenia

786 1394 892 1457 ledr‘oti,
910 1408 968 1449 non
981 1408 999 1449 a
1016 1394 1112 1451 Patre
1127 1410 1214 1461 meo,
1227 1410 1315 1466 neque
1330 1394 1369 1467 ipe

786 1479 836 1521 eos
860 1463 1017 1531 maledixit,
1032 1465 1090 1523 sed
1106 1468 1235 1539 propria
1257 1469 1368 1540 opernh

787 1541 877 1606 ipnem
891 1544 1038 1606 etenum,
1062 1543 1118 1609 qui
1134 1546 1369 1611 paratissimae
1399 1536 1402 1547 '

785 1607 877 1676 uobis,
899 1608 960 1676 sed,
982 1609 1105 1666 diabolo
1129 1617 1160 1667 et
1183 1612 1294 1681 anoctis
1317 1611 1371 1681 eje:

787 1679 853 1754 quia
870 1695 936 1737 uero
953 1679 1094 1754 vosipsos
1106 1680 1142 1740 in
1157 1683 1259 1757 iguem
1274 1681 1372 1739 misi-tis

786 1750 867 1808 vobis
893 1751 964 1824 ipsis
993 1758 1172 1826 reputate.u
1194 1756 1263 1825 Sed,
1284 1772 1315 1810 ne
1331 1766 1373 1809 un-

786 1839 871 1895 quam
885 1825 946 1881 hzee
963 1825 1128 1897 patiamur,
1146 1844 1165 1883 o
1183 1827 1327 1900 unigenite
1338 1823 1372 1881 lili

787 1895 849 1964 Dei,
866 1896 973 1953 scilicet
988 1898 1097 1954 l'aciem
1116 1899 1203 1956 iilam
1221 1904 1371 1957 mansuetus

786 1968 1370 2044 videreaiursamanobis,cttranquiliun

786 2039 866 2095 illum
900 2041 1015 2097 oculum
1043 2057 1105 2098 non
1128 2043 1276 2101 terentem
1299 2041 1371 2098 iiten

787 2126 850 2180 nos,
866 2126 957 2183 neque
969 2113 1157 2186 accipiamus
1173 2117 1300 2187 aliquam
1312 2129 1370 2186 exp

786 2183 920 2240 riontiam
933 2184 1010 2240 illius
1024 2202 1124 2258 poenae
1137 2187 1317 2251 incurabilis,
1333 2186 1369 2241 sci

787 2254 852 2312 licet
867 2255 996 2313 excidere
1011 2272 1031 2313 a
1046 2257 1183 2315 ccelesiis
1194 2258 1276 2332 regni
1290 2255 1371 2332 gioria,

787 2334 815 2384 et
831 2328 957 2385 comburi
974 2328 1002 2384 in
1018 2331 1173 2403 gehenna.
1184 2332 1225 2389 De
1242 2329 1369 2388 hacetinn

788 2400 950 2457 exclusione
977 2406 1006 2457 et
1040 2403 1236 2472 separatione
1262 2402 1301 2458 sic
1320 2399 1370 2457 dicit

788 2472 864 2528 idom
882 2473 1092 2542 chrysostomus
1109 2493 1118 2529 :
1133 2495 1148 2527 a
1164 2475 1309 2531 Ponamus
1321 2472 1368 2552 illud

788 2552 854 2601 ante
867 2544 973 2614 oculos,
988 2543 1091 2616 quanti
1108 2543 1368 2603 dolorisestexcluh

789 2621 817 2672 et
831 2614 929 2689 projici
945 2630 963 2672 a
980 2632 1071 2686 resno
1089 2619 1250 2687 coelorum,
1269 2617 1369 2692 quodni

787 2687 857 2744 mihi
872 2687 995 2757 ridetur,
1012 2689 1075 2771 ipsa
1090 2689 1217 2761 gravius
1230 2695 1275 2748 est
1285 2692 1366 2761 gehen·

788 2774 834 2816 na.
856 2760 937 2829 Nam,
954 2764 981 2815 et
1001 2774 1025 2815 si
1040 2759 1089 2816 ille
1106 2761 1186 2834 ignis
1202 2778 1263 2819 non
1278 2761 1369 2818 arderet

788 2838 816 2890 et
840 2831 1007 2888 immortalis
1031 2830 1081 2888 illa
1107 2849 1200 2907 poena
1227 2850 1286 2891 non
1312 2836 1367 2890 eset

787 2910 901 2977 parata3
918 2905 971 2959 hoc
990 2902 1084 2961 solum
1111 2906 1196 2978 quod
1221 2904 1305 2963 alieni
1319 2902 1365 2961 etl·

787 2978 911 3031 cimura
930 2974 1053 3044 Christo,
1067 2982 1099 3033 et
1115 2978 1300 3035 excludimur
1310 2976 1364 3033 ubo

786 3049 831 3104 nis
850 3047 977 3116 aeterniS,
993 3063 1089 3103 nonne
1114 3052 1201 3106 omni
1226 3061 1364 3124 poenacru·

787 3117 916 3177 ciabilius
929 3119 1098 3177 diceretur?
1110 3139 1126 3171 n
1144 3121 1213 3180 haec
1229 3124 1363 3193 Gltruwtlt·

786 3210 857 3248 mus.

822 3288 837 3337 7
853 3265 985 3334 Quouonn
1001 3264 1141 3321 Canisrus
1159 3282 1214 3323 sss
1231 3283 1261 3324 m
1273 3276 1365 3323 nemus

786 3336 944 3393 hennensi
962 3368 998 3378 —
1019 3337 1053 3392 Et
1073 3335 1316 3396 commemorabit
1329 3336 1364 3391 Ju-

787 3410 839 3464 dex
855 3424 941 3480 opera
956 3407 1167 3467 misericordiae
1183 3404 1366 3485 predicant

786 3479 856 3553 ipsis
869 3479 997 3552 reprobis
1010 3479 1064 3537 sibi
1081 3497 1144 3538 non
1159 3484 1260 3553 lacta;
1275 3484 1318 3540 sed
1332 3493 1364 3537 n·

788 3554 869 3681 Erebi
885 3552 966 3625 quasi
984 3568 1014 3609 se
1033 3561 1213 3614 excusantes
1234 3550 1365 3629 respnde

810 3631 859 3680 unt
880 3633 908 3682 et
928 3623 1162 3697 interrogabunt,
1189 3630 1303 3703 quando
1321 3624 1365 3680 hat

789 3694 843 3755 sibi
856 3714 913 3754 non
924 3698 1191 3769 leceruntverum,
1208 3707 1241 3759 ut
1255 3694 1366 3757 altitude

788 3786 849 3833 nus,
859 3775 888 3826 et
902 3769 925 3826 si
941 3786 971 3826 se
986 3784 1123 3828 excusare
1134 3776 1365 3848 satagentem

788 3843 880 3899 Deum
898 3842 997 3900 tallere
1011 3857 1069 3898 non
1106 3854 1224 3904 ossunt.
1237 3849 1270 3903 Et
1283 3840 1364 3901 idcirco

788 3914 968 3987 respondebit
991 3916 1051 3971 iltis
1078 3856 1181 3975 iliacas
1214 3937 1221 3977 :
1251 3913 1365 3988 ouandi
1403 3976 1406 3991 ,

789 4003 843 4042 non
856 3989 970 4055 fecistis
981 3988 1031 4042 uni
1043 3957 1078 4042 de
1093 3990 1256 4048 minor-idus
1272 3991 1321 4058 his,
1332 3998 1365 4041 titt
1404 4004 1406 4015 ·

789 4061 861 4115 milii
874 4062 993 4128 fecistis.
1011 4057 1092 4117 Unde
1110 4061 1185 4120 dicit
1198 4064 1363 4135 nunnitus

791 4151 805 4184 n
819 4132 947 4189 Christus
959 4136 1043 4204 caput
1057 4139 1103 4189 est
1118 4132 1271 4205 Ecclesia,
1285 4142 1362 4205 corpu

789 4205 852 4278 ejus
872 4204 1006 4259 Ecclesia.
1027 4205 1057 4261 In
1079 4211 1182 4264 nostro
1201 4214 1361 4282 corporad-

770 4282 840 4347 put
862 4290 974 4331 sursum
1004 4282 1058 4347 est,
1075 4276 1166 4349 pedes
1186 4280 1219 4339 in
1245 4274 1361 4336 terrai

790 4347 884 4420 aliqua
894 4344 1104 4418 constipatione
1118 4348 1285 4421 hominum,
1296 4360 1362 4424 quau
