2820 4928
91 297 135 352 168
428 295 586 353 SECUNDAE
614 294 733 351 Pluris
761 291 866 347 ullus
893 291 990 345 xxti

571 647 710 722 CAPUT
728 648 839 722 XXVI

307 872 347 919 ml
370 871 511 918 snssmua
532 870 637 919 boltlttl
658 870 888 918 substramus
909 870 948 917 1⁸1⁴
963 867 1099 916 asmata.

141 1041 268 1100 biatthaei
283 1058 347 1117 cap.
362 1043 433 1112 xxi,
445 1040 532 1099 Marci
551 1057 612 1116 cap.
631 1042 678 1115 xl,
693 1043 775 1100 Lucae
790 1056 852 1114 cap.
870 1040 928 1098 xlx
942 1043 971 1097 et
984 1037 1114 1098 loannis
1133 1053 1202 1113 cap.
1218 1039 1275 1101 llll.

126 1272 136 1308 ι
154 1253 279 1308 Doumus
291 1267 371 1306 unum
386 1250 550 1305 Bnrnrmon
563 1266 592 1305 m
606 1265 673 1305 non·

87 1340 141 1379 ran
154 1325 276 1380 Osmnrr.
295 1354 323 1363 -
338 1322 601 1393 Frequentabantur
611 1336 674 1392 my·

88 1393 187 1460 steria,
217 1393 412 1465 implebantur
440 1391 592 1461 Scripturae
622 1407 674 1465 per

87 1467 241 1523 Dominum
260 1468 369 1532 lesum,
386 1463 512 1519 instante
533 1469 673 1536 tempore,

88 1553 145 1609 quo
170 1536 285 1592 uolebat
310 1550 361 1606 per
391 1533 498 1606 proprii
527 1534 675 1606 sanguinis

87 1608 260 1664 allusionem
286 1604 394 1661 mundo
423 1605 555 1661 conferre
586 1621 676 1662 reme-

84 1677 175 1735 dium.
195 1675 284 1747 lgitnr
305 1675 334 1731 in
354 1675 520 1743 crastinum,
539 1675 567 1731 id
583 1680 626 1732 est
644 1677 674 1732 in

86 1748 133 1805 die
146 1745 290 1818 sequenti,
304 1745 413 1802 scilicet
427 1745 584 1815 dominica,
601 1763 676 1804 sum·

84 1834 132 1876 mo
153 1833 247 1886 mane,
267 1817 378 1891 paravit
396 1833 427 1874 se
447 1817 484 1874 ad
503 1819 628 1875 eundum
647 1818 677 1875 in

86 1890 260 1960 Jerusalem,
276 1905 349 1946 noro
357 1895 386 1947 et
398 1888 564 1946 inconsueto
578 1891 675 1959 modo,

86 1963 138 2021 sed
165 1963 237 2018 sicut
265 1962 358 2019 luerat
388 1977 439 2034 pro
461 1963 597 2019 betatum.
622 1963 676 2019 lm-

86 2033 213 2092 minente
228 1977 460 2107 itaquepaschafi
471 2039 610 2106 tompore,
622 2048 677 2106 quo

89 2105 294 2163 immolabatur
316 2122 417 2177 agnus,
446 2107 507 2177 ipsa
532 2115 678 2177 tamquam

92 2194 178 2234 verus
192 2179 289 2248 Agnus
305 2177 341 2233 ad
357 2178 450 2233 locum
475 2175 616 2232 Passionis
629 2191 678 2232 ac·

93 2248 179 2304 cessit
206 2262 258 2319 pro
284 2247 375 2303 salute
399 2245 497 2302 mundi
522 2246 679 2303 voluntarie

93 2290 298 2383 immolandus,
323 2317 397 2372 lacto
424 2316 577 2372 ostendens
602 2317 679 2389 quod

94 2392 157 2444 erat
179 2386 379 2459 paratissimus
403 2402 434 2443 se
462 2386 623 2457 humiliare,
652 2393 681 2444 et

91 2457 208 2515 obedire
232 2457 378 2530 usquead
409 2464 529 2514 mortem
554 2464 680 2515 contem-

90 2527 303 2604 ptibilissimam
331 2537 360 2586 et
384 2527 609 2599 acerbissimam,
628 2546 681 2603 pro

90 2600 235 2659 omnibus.
257 2600 421 2658 Secundum
440 2602 553 2666 Rodum,
573 2617 680 2674 praeee-

89 2680 172 2746 ptum
185 2674 266 2744 legis
281 2678 356 2744 erat,
371 2678 403 2729 ut
417 2671 529 2730 decima
544 2673 610 2730 luna
625 2672 681 2746 pri-

90 2744 128 2801 mi
156 2742 273 2813 mensis,
300 2759 400 2818 agnus,
428 2745 488 2801 sive
514 2744 625 2813 boedus,
652 2746 681 2800 in

91 2817 178 2874 domo
203 2814 401 2873 recluderetur
420 2831 509 2887 usque
538 2815 575 2872 ad
607 2815 680 2872 deci-

94 2904 170 2946 mam
187 2888 285 2945 lunam
297 2889 425 2961 ejusdem
437 2886 553 2956 mensis,
568 2887 680 2958 quando

94 2961 131 3017 ad
150 2975 299 3033 vesperam
319 2959 539 3028 immolabatur;
557 2960 632 3015 unde
652 2963 681 3015 et

95 3048 180 3088 verus
195 3042 301 3105 Agnus,
312 3048 346 3089 ex
361 3031 437 3088 omni
447 3046 533 3158 ᾳνεῗο
547 3029 607 3087 sine
623 3046 680 3087 ma·

92 3103 156 3161 cuia
166 3104 281 3171 electus,
293 3119 344 3175 pro
379 3103 456 3175 opub
469 3118 500 3158 sa
514 3106 560 3159 ute
574 3107 603 3158 et
613 3117 679 3158 san·

93 3119 679 3245 ctificationeimmofandusantequinque

93 3244 165 3314 dies,
175 3245 202 3301 id
213 3251 256 3302 est
264 3245 374 3301 decima
386 3246 464 3312 luna,
474 3245 680 3316 lerosolymam

93 3316 234 3385 ascendit,
248 3322 279 3372 ut
289 3314 330 3371 sic
343 3315 447 3372 veritas
455 3315 555 3384 ligurae
564 3331 681 3388 respon·

91 3385 183 3442 deret.
209 3388 336 3457 Cumque
359 3385 496 3441 Dominus
511 3387 593 3441 lesus
615 3401 681 3459 per-

95 3472 163 3528 gere
179 3456 275 3525 vellet,
299 3458 399 3524 Mater,
415 3461 446 3512 ut
467 3455 604 3525 creditur,
630 3472 681 3528 pro

94 3528 197 3584 allecte
214 3542 279 3583 eum
289 3527 441 3584 retinebat.
457 3524 683 3583 Similiteretdi·

94 3597 221 3669 scipulis,
241 3603 270 3655 et
291 3597 353 3655 aliis
371 3596 550 3654 intolerabile
566 3596 682 3654 videba-

95 3674 142 3726 tur
163 3668 240 3741 quod
258 3669 325 3726 illuc
348 3668 418 3737 iret;
439 3673 478 3738 et,
500 3673 530 3726 ut
549 3674 684 3742 poterant

94 3756 162 3798 eum
176 3742 373 3798 retrahebant.
392 3741 519 3798 Oileus!
537 3741 682 3814 quomodo

95 3812 255 3885 diligebant
266 3828 346 3870 eum:
362 3817 390 3869 et
406 3812 549 3939 Quomodo
564 3818 626 3871 erat
640 3811 683 3870 eis

93 3900 225 3942 amarum
255 3883 393 3957 quidquid
432 3883 538 3941 sederet
571 3884 681 3958 ipsuml

95 3959 159 4031 lpse
175 3973 241 4014 vero
257 3955 341 4015 aliter
353 3954 544 4027 disposuerat,
557 3956 605 4028 qui
621 3954 683 4013 uni-

95 4044 244 4086 versorum
257 4029 379 4086 salutem
391 4027 519 4092 sitiebat:
531 4027 617 4101 coepit
631 4026 683 4098 igi-

96 4106 144 4158 tur
159 4102 211 4170 ire,
222 4107 251 4158 et
264 4101 313 4159 illa
325 4116 412 4172 parra
426 4097 476 4156 sed
490 4097 582 4154 tidelis
597 4097 683 4155 disci-

99 4172 230 4244 pulorum
248 4172 381 4232 comitiva
403 4174 465 4244 post
485 4167 577 4245 ipsum
600 4168 684 4229 ince-

99 4243 186 4316 nere,
203 4249 229 4305 et
251 4247 326 4310 venit
347 4240 514 4329 bethpheor,
530 4240 561 4309 itt
589 4241 683 4308 medlo

527 4470 542 4519 ἱ

730 1245 851 1317 itineris,
873 1263 937 1319 quaa
958 1250 1023 1304 erat
1040 1245 1175 1320 viculus,
1198 1264 1250 1306 seu
1267 1245 1317 1304 villa

731 1335 817 1392 parva
837 1319 1027 1388 sacerdotum,
1059 1317 1093 1375 in
1111 1318 1209 1378 latere
1230 1324 1258 1376 et
1276 1319 1318 1376 de-

731 1406 835 1447 scensu
843 1406 892 1447 seu
903 1389 1023 1447 declivio
1034 1389 1152 1447 montis
1161 1390 1320 1449 Olivetiser

732 1477 780 1518 sus
791 1460 958 1530 ierusalem,
968 1460 1086 1518 distans
1096 1478 1161 1519 uno
1175 1462 1321 1519 milliarios

733 1533 881 1602 Bethania,
890 1549 953 1604 quae
961 1532 1043 1589 estin
1053 1531 1224 1591 aliolatere
1234 1532 1322 1591 montis

733 1603 1321 1732 {susdemetunomilliarioaJerusalen.

758 1676 814 1732 nde
822 1678 890 1732 Beth
912 1676 1324 1747 bagelocussaoemotnmbs

734 1763 770 1804 ne
780 1748 876 1803 domus
888 1691 975 1804 guara
984 1763 1035 1804 seu
1046 1750 1245 1805 mamillarum
1253 1749 1324 1805 inter·

734 1823 863 1891 pretatur
875 1835 882 1874 :
894 1817 1008 1875 maxilla
1019 1820 1133 1876 etenim
1145 1819 1268 1892 propria
1276 1823 1325 1876 erat

734 1905 802 1962 pars
814 1890 997 1947 sacerdotum
1010 1888 1041 1946 in
1056 1891 1136 1962 Lege
1150 1890 1257 1960 veteri,
1269 1906 1325 1964 qne

735 1976 798 2017 rum
818 1967 881 2017 erat
899 1959 1069 2034 praedicare,
1091 1967 1121 2019 et
1145 1959 1325 2045 verbumllti

735 2031 1326 2186 lllllllallttllbtltbttlltt

737 2175 879 2246 completo
906 2175 1001 2232 olticro
1021 2191 1095 2231 vicis
1119 2191 1202 2248 suae,
1217 2174 1324 2233 illndnd

738 2247 911 2303 manendum
919 2245 1114 2316 divertebant,
1123 2247 1180 2305 ubi
1191 2250 1277 2305 etiarn
1287 2262 1326 2320 pe·

738 2333 805 2373 cora
818 2333 870 2375 sua
881 2318 1007 2379 alebant.
1022 2316 1102 2374 Licet
1117 2318 1206 2376 enim
1218 2335 1275 2377 non
1287 2321 1324 2376 ba·

738 2389 839 2446 herent
864 2389 1051 2445 hereditatem
1071 2388 1109 2445 ad
1130 2391 1323 2459 excolendum,

739 2461 884 2518 trabebant
897 2465 993 2517 tamen
1017 2459 1120 2516 domos
1136 2462 1179 2519 ad
1202 2464 1323 2520 nutrien-

738 2530 807 2588 dum
822 2530 968 2601 animalia,
981 2535 1010 2588 et
1020 2530 1056 2587 ad
1072 2532 1255 2592 menendum
1265 2539 1323 2589 ten

738 2617 955 2731 titillatu
969 2602 1323 2746 lttll‘lsl‘bllt

739 2745 817 2801 venit
834 2744 865 2801 in
880 2750 1007 2802 montem
1024 2744 1140 2816 Oliveti,
1153 2746 1323 2820 significatur

738 2815 816 2887 quod
831 2832 883 2888 per
896 2816 985 2873 solam
1000 2815 1139 2888 pietatem
1151 2816 1322 2876 seniebatad

740 2887 916 2957 Passionem,
930 2893 1027 2944 elnon
1047 2903 1100 2960 per
1116 2890 1322 2947 necessitatem.

738 2959 899 3025 Secundum
926 2961 1137 3029 Hieronymum,
1167 2961 1224 3019 iste
1249 2974 1323 3018 mons

737 3037 951 3112 vocaturflmons
966 3029 1221 3115 olei‚·rhrismati·s
1245 3040 1273 3089 et
1285 3031 1323 3088 ln·

737 3101 1322 3255 llll}ltlltbilitlllfllttl}

737 3260 768 3300 tn
785 3245 862 3300 olma
882 3260 964 3300 venia
982 3243 1184 3326 rmlulgentrae.
1206 3245 1237 3303 in
1254 3246 1322 3302 clim·

738 3319 829 3372 smate
840 3315 933 3372 unctio
945 3313 1057 3387 gratiae,
1071 3331 1102 3372 in
1112 3315 1223 3375 lumine
1235 3316 1323 3390 splen·

739 3388 791 3444 dor
807 3386 916 3515 {¹⁰⁶ae

775 3478 789 3515 a
835 3475 885 3516 ons
908 3474 997 3514 sumn
1021 3475 1180 3516 nisurnms
1196 3476 1233 3517 an
1252 3476 1324 3524 oon-

739 3547 848 3586 mmoms
862 3547 962 3586 assum
977 3547 1095 3594 museus
1110 3547 1230 3588 rutum.
1246 3562 1281 3574 -
1293 3533 1324 3587 nt

740 3618 801 3657 cum
815 3605 1086 3673 appropinquassent
1097 3605 1207 3659 Jerorot
1257 3605 1326 3671 Μ

738 3674 1207 3746 venissentBetbpbooeedmomtem
1238 3676 1326 3740 lineti3

740 3748 805 3800 tunc
815 3747 894 3801 Jecur
906 3747 984 3800 misit
999 3745 1066 3801 inde
1077 3745 1147 3801 duos
1165 3746 1326 3818 dissipatos.

741 3815 903 3872 Secundum
916 3817 1138 3886 chrysostomum
1147 3822 1178 3872 et
1192 3816 1328 3883 &masam

740 3883 770 3943 bi
784 3885 900 3943 luerunt
913 3886 1062 3960 Philippus
1075 3892 1104 3944 et
1119 3889 1223 3945 Petrus
1239 3904 1246 3944 :
1264 3903 1328 3960 quo

740 3973 812 4014 rum·
832 3957 943 4030 primus
966 3960 1137 4028 Samariam,
1163 3959 1249 4032 quasi
1269 3959 1329 4016 asi·

740 4044 818 4098 nam,
829 4030 974 4087 secundus
988 4030 1163 4091 Cornelium.
1179 4028 1264 4103 quasi
1279 4029 1332 4088 asi·

741 4116 787 4157 nae
804 4101 913 4173 pnllum
932 4101 1062 4171 adduxit;
1087 4101 1160 4159 tales
1177 4101 1257 4161 enim
1277 4103 1331 4159 de·

742 4172 809 4232 bent
829 4171 901 4231 mitti
920 4173 956 4233 ad
977 4172 1205 4257 predicandum,
1223 4173 1332 4234 scilieet

742 4243 790 4323 qui
816 4243 904 4309 babet
919 4245 1096 4319 agnitionem
1118 4245 1262 4321 veritatis,
1281 4262 1329 4310 sau
