2820 4928
127 351 171 405 tat
478 345 639 401 SECUNDAE
667 348 788 404 l'iililS
816 345 922 403 carba
950 344 999 399 itti

127 454 251 525 ciendae3
265 452 330 513 ideo
345 467 406 523 eos,
416 467 449 511 ax
460 452 640 514 emulatione
652 472 716 530 pro·

148 534 192 586 ter
224 528 317 584 lorum
344 523 531 593 adorationis,
562 528 715 589 noluerunt

127 546 252 672 Bosnitio
275 596 415 668 racipere,
430 595 497 668 quia
517 597 652 657 dicebant
675 600 716 659 lo-

130 687 195 731 cum
223 668 400 727 adorationis
421 685 482 727 ease
503 671 577 740 aqud
606 688 656 729 eos
684 671 715 731 iu

127 748 225 801 monta
238 740 370 803 Gerizim.
388 748 416 797 et
430 757 489 799 non
502 740 531 799 in
546 744 713 803 Jerusalem.

128 813 714 888 Undesunra‚mulierSeruaritana‚quasi

129 886 289 945 aemulando
313 884 381 943 dixit
396 885 517 944 Domino
533 904 540 945 ι
557 890 652 947 Patres
671 907 717 947 aa·

127 963 182 1017 otri
195 963 225 1017 ia
238 962 328 1015 monta
341 960 389 1017 boa
409 959 613 1028 adoraveraat3
630 968 655 1018 et
669 977 716 1019 aar

128 1032 224 1088 dicitis
240 1033 333 1098 iouia
346 1031 521 1099 ierosolymis
543 1033 617 1091 toras
631 1039 671 1091 est
686 1037 717 1093 in

129 1118 183 1176 quo
198 1108 303 1175 oportet
322 1102 448 1184 adorare.
464 1104 546 1173 ltem,
563 1121 621 1162 non
637 1122 716 1163 vece-

129 1184 234 1249 perunt
247 1191 307 1244 aas,
323 1190 390 1304 clara
405 1190 438 1233 ex
450 1175 628 1234 vestimentis
639 1178 717 1236 Chri·

128 1246 164 1305 sti
180 1252 207 1304 et
221 1247 330 1331 discipu
343 1262 426 1305 orum
446 1248 507 1319 ejus
521 1255 717 1321 cognoverunt

130 1320 304 1379 Samaritani
317 1320 393 1392 quud
413 1319 526 1377 inerunt
539 1320 649 1387 ludam
664 1324 679 1379 J
684 1340 717 1379 u-

130 1391 185 1451 daui
200 1399 295 1451 autem
312 1398 394 1450 erant
411 1392 598 1451 samaritanis
613 1393 716 1465 odiosi,

130 1480 164 1523 oo
180 1465 256 1536 quod
268 1465 492 1522 contemnebant
506 1481 567 1534 eos,
587 1466 717 1523 nolentes

129 1536 281 1594 comedere
304 1541 333 1592 et
352 1533 451 1593 bibero
476 1536 629 1596 cumeis:
658 1542 718 1597 at'on

129 1611 202 1664 enim
228 1610 376 1664 coutuntur
404 1607 494 1663 iudai
518 1609 717 1680 samaritanis,

129 1678 203 1736 sicut
221 1683 249 1734 et
268 1678 379 1735 Hebraei
394 1678 537 1760 AEgyntiis.
555 1680 632 1737 Unde
646 1684 718 1737 ilie-

128 1765 260 1819 ronymus
277 1767 283 1806 :
300 1771 313 1802 a
334 1749 435 1806 llostilr
451 1753 525 1806 inter
547 1768 577 1808 se
593 1752 717 1810 Samari-

128 1821 199 1892 tani,
211 1826 295 1895 atque
304 1821 395 1879 Judaei
408 1821 571 1879 discordant
581 1823 656 1880 odio.
669 1824 717 1881 Vi·

129 1896 230 1952 dentes
256 1896 351 1966 itaque
378 1893 539 1966 Dominum,
566 1895 601 1953 ad
625 1897 719 1954 hostes

129 1982 197 2025 suos
224 1983 355 2040 pergere,
372 1966 543 2026 Samaritani
560 1984 624 2025 oum
645 1968 718 2027 reci-

130 2056 198 2125 pere
212 2041 374 2099 noluerunt.
389 2041 565 2113 Quamquam
584 2040 641 2100 alia
653 2042 718 2101 sub·

128 2112 246 2243 gelatur
275 2111 473 2184 intelligentia,
503 2113 570 2186 quio
587 2114 719 2171 voluntas

155 2184 245 2241 amini
263 2184 360 2252 luerit,
381 2201 438 2240 non
458 2184 559 2255 suscipi
583 2187 717 2244 aSama·

129 2256 240 2319 titanis,
252 2255 386 2326 quoniam
398 2255 551 2311 festinabat
561 2258 718 2315 Jerusalem

129 2325 199 2401 pati,
215 2325 423 2397 eteauguinem
443 2326 618 2395 landerr,ne
637 2345 719 2386 oceu-

128 2405 213 2471 patus
229 2397 408 2467 nascent-iona
433 2397 602 2457 samaritica
616 2404 645 2456 et
665 2400 717 2457 do·

129 2468 221 2527 ctrina
244 2470 337 2540 gentis
358 2468 444 2539 illius,
456 2470 598 2529 Passionis
618 2474 718 2530 suadi-

128 2541 719 2615 lerretdiem,adquamveneratsustiueu·

130 2615 217 2672 dam:
234 2636 248 2666 n
264 2615 326 2671 haec
340 2618 535 2686 Hieronymo.

167 2707 180 2743 a
201 2689 372 2745 romanens
396 2702 506 2745 nunant
534 2706 569 2745 un
596 2705 717 2746 saturnu

127 2776 340 2817 aunenrunvruu.
351 2790 386 2803 -
399 2760 477 2818 Sicut
489 2766 583 2818 autern
598 2762 717 2817 Domino

128 2830 159 2890 in
188 2834 345 2890 Jerusalem
381 2832 509 2891 tendenti
552 2834 719 2893 restiterunt

130 2905 320 2977 Samaritani3
335 2905 386 2975 sic,
400 2905 424 2962 si
446 2922 526 2963 mens
540 2911 589 2962 tua
610 2905 640 2962 in
662 2921 717 2962 coe·

54 3018 58 3023 .
128 2976 188 3034 lum
204 2977 311 3046 tendat,
320 2976 438 3035 babebis
449 2995 562 3050 semper
574 2976 621 3050 qui
633 2977 717 3048 rixas,

37 3113 42 3125 ,
130 3049 195 3107 odia
211 3055 240 3106 et
252 3049 325 3107 bella
340 3055 455 3123 geraut;
470 3068 527 3110 nou
539 3056 637 3109 tarneu
652 3067 719 3123 pro·

129 3125 193 3193 pter
211 3123 264 3178 lroc
280 3121 387 3194 irrepat
402 3122 527 3181 vindicta
546 3120 633 3180 menti
652 3128 718 3192 tuae,

131 3195 180 3249 sed
196 3200 332 3265 quantum
348 3196 453 3264 poteris
464 3195 545 3252 stude
556 3193 633 3252 utilis
644 3209 716 3252 esse.

131 3264 212 3321 Unde
226 3270 291 3321 sunt
308 3280 406 3322 versus
421 3284 429 3320 :

166 3372 717 3446 JerusalemcioesGenteaodereforenoes,

203 3442 340 3514 Quotquot
349 3459 404 3503 oon
413 3446 513 3517 recipit
523 3447 719 3590 ηιωηίὸιιῇὖὶἰίεα

132 3620 161 3681 Si
177 3635 245 3693 ergo
261 3616 292 3679 in
305 3618 350 3678 his
371 3636 435 3697 quaa
454 3622 608 3681 secondum
629 3625 718 3684 iteam

131 3691 243 3766 onerari
261 3692 415 3767 desideras,
441 3694 552 3771 aliquos
571 3695 622 3753 tibi
644 3698 719 3755 obsi·

129 3771 215 3836 stere,
236 3782 285 3822 seu
312 3772 339 3825 te
365 3765 504 3840 impedire
529 3768 635 3841 videas,
658 3768 717 3827 noli

131 3836 361 3897 contentionibus
376 3839 528 3912 desaevire,
544 3842 594 3899 sed
611 3846 718 3900 temet-

129 3910 223 3985 ipsum
236 3911 266 3968 in
283 3909 385 3983 teipso
401 3911 552 3995 restringe,
568 3918 597 3972 et
610 3920 637 3970 te
653 3930 716 3971 cum

129 3986 188 4043 Deo
216 3991 264 4042 tuo
293 3982 439 4055 recollige,
465 3983 578 4056 sibique
606 3984 714 4043 dicas:

129 4060 252 4125 Domine,
267 4059 323 4114 vim
337 4059 440 4131 patior,
454 4057 588 4140 responde
599 4074 648 4129 pro
664 4074 715 4114 me.

129 4131 186 4187 Nec
203 4131 238 4187 de
265 4130 319 4186 boc
348 4129 532 4199 contristeris,
553 4128 620 4203 quia
647 4128 717 4186 nihii

129 4208 250 4275 possunt
263 4201 317 4259 nisi
337 4202 412 4277 quod
427 4203 502 4258 Deus
522 4201 575 4258 scit
592 4201 717 4260 finaliter

132 4288 184 4344 pro
212 4274 287 4333 bono
304 4281 352 4331 tuo
376 4290 438 4332 esse
466 4272 636 4348 expedieus;
659 4272 717 4334 imo

133 4360 294 4416 quanquam
319 4346 355 4403 ad
380 4362 507 4420 presens
524 4362 582 4406 non
608 4346 715 4417 videas,

773 453 883 515 videbis
901 449 1037 521 ssnaliter,
1055 447 1080 508 si
1099 452 1207 509 tamen
1232 448 1362 523 patienter

772 525 941 613 portaveris,
957 523 1033 596 quod
1048 520 1123 579 illud
1140 522 1170 579 in
1184 537 1248 594 quo
1260 521 1311 579 tibi
1324 539 1363 583 eov

773 598 1008 671 impedimentum
1036 598 1184 667 prestare
1216 595 1362 661 credebas,

774 678 836 731 erat
861 671 912 729 tibi
928 670 1065 741 juvamen
1084 667 1124 725 ad
1144 671 1236 727 tuum
1252 666 1364 741 pronai·

773 750 834 805 tum
854 740 1082 815 exsequendum
1108 737 1190 798 sieut
1214 740 1255 799 de
1274 740 1365 823 iaseqb

773 824 802 876 et
817 815 912 875 multis
926 812 990 873 atris
1016 816 1059 869 est
1076 810 1207 872 tactum.
1232 813 1314 881 Quia,
1330 828 1367 871 te·

774 889 897 948 cundum
926 887 964 948 Gt
999 890 1179 966 anatomiam,
1209 883 1237 944 si
1276 886 1367 957 Leaen

773 960 879 1021 Christi
898 966 974 1017 custo
996 956 1038 1014 ire
1056 956 1204 1025 volueris,
1224 957 1365 1017 naeeoiu·

774 1038 832 1093 tem
854 1030 970 1105 quidem
996 1028 1117 1096 nullam,
1134 1044 1207 1100 quae
1224 1032 1256 1089 te
1278 1030 1313 1087 ab
1326 1030 1366 1087 ob·

773 1105 933 1165 servatione
956 1101 1015 1175 ejus
1038 1100 1197 1182 impediat,
1223 1100 1366 1173 aliquando

774 1176 900 1251 patieris.
916 1175 944 1232 Si
962 1174 1049 1231 etiam
1064 1187 1097 1231 ru
1120 1171 1169 1231 his
1196 1189 1267 1246 quas
1281 1188 1366 1232 secun

774 1251 843 1307 dum
858 1250 948 1305 Deum
962 1244 1122 1314 desideras,
1138 1250 1169 1303 te
1193 1246 1297 1305 videas
1310 1261 1365 1318 quo

774 1320 927 1381 dammodo
943 1315 1077 1377 divinitus
1097 1316 1256 1389 impediri,
1273 1319 1313 1375 vel
1326 1332 1365 1389 per

774 1392 982 1459 infirmitatem,
993 1389 1365 1463 ratquocumquaationo·

774 1467 811 1525 do
833 1466 1024 1535 contingente,
1052 1461 1090 1519 de
1119 1462 1181 1519 hoc
1214 1463 1364 1521 nullatenus

774 1535 964 1604 conturberis,
987 1533 1036 1591 sed
1052 1536 1149 1591 totum
1167 1534 1364 1608 aequanimiter

774 1612 861 1682 laras,
881 1614 909 1665 et
936 1617 964 1666 to
984 1623 1018 1663 ex
1038 1610 1100 1662 toto
1126 1605 1171 1663 illi
1203 1607 1362 1673 committas,

775 1682 823 1766 qui
844 1680 944 1738 melius
963 1676 1041 1736 novit
1055 1693 1146 1750 quam
1162 1684 1201 1735 tu
1219 1679 1294 1753 ipse,
1310 1676 1363 1749 quid

775 1757 825 1813 tibi
841 1751 986 1826 expediat;
1007 1750 1055 1823 qui
1072 1754 1102 1806 te
1124 1750 1163 1806 ad
1190 1768 1225 1808 se
1242 1750 1362 1808 continuo

776 1828 914 1894 sublevat,
926 1822 1077 1881 dummodo
1087 1820 1286 1894 temetipsum
1296 1828 1361 1881 exto

776 1903 804 1955 to
824 1897 865 1954 illi
883 1894 1053 1963 committas,
1092 1894 1215 1951 uamvis
1235 1896 1307 1953 barte
1321 1896 1361 1951 boe

775 1968 836 2043 ipsa
853 1985 912 2026 uon
925 1967 1036 2047 videas..
1047 1910 1089 2022 Aa
1106 1967 1163 2023 boc
1181 1983 1257 2050 ergo
1278 1967 1312 2024 sit
1327 1974 1360 2049 to·

775 2048 935 2099 tumtunm
963 2038 1100 2108 studium,
1132 2042 1166 2094 ut
1192 2044 1316 2113 teipsum
1337 2052 1361 2097 tn

775 2130 844 2188 paco
869 2117 897 2169 et
925 2111 1017 2168 cordis
1044 2109 1266 2182 tranquillitate
1289 2107 1362 2185 pasti·

775 2187 858 2255 deas;
874 2189 901 2242 et
917 2200 967 2255 nro
987 2198 1174 2256 quocumque
1196 2188 1298 2241 eventu
1314 2196 1360 2239 non

775 2258 884 2325 doleas,
904 2255 957 2313 nisi
973 2255 1007 2312 de
1027 2254 1086 2311 soto
1112 2261 1241 2327 peccato
1262 2253 1359 2326 propno

774 2330 820 2388 vel
837 2329 941 2399 alieno,
958 2345 1008 2385 seu
1028 2326 1115 2386 otiam
1136 2326 1177 2385 de
1195 2329 1244 2385 his
1265 2342 1319 2399 qua
1332 2331 1357 2380 te

775 2403 943 2461 inducerent
959 2401 995 2458 ad
1012 2404 1173 2473 peccatum,
1187 2406 1222 2459 et
1269 2414 1291 2455 a
1301 2411 1354 2471 pos

775 2480 839 2533 sent
854 2474 978 2535 alienare
991 2489 1042 2529 seu
1056 2473 1200 2543 elongare
1217 2489 1236 2530 a
1272 2467 1358 2542 eo,vel

776 2546 904 2605 medium
935 2546 1029 2602 lacere
1057 2545 1133 2600 inter
1165 2550 1198 2603 te
1226 2550 1256 2602 et
1282 2544 1361 2617 ipsunt

775 2623 877 2677 bearn.
900 2616 1012 2686 Quavis
1036 2614 1113 2674 enim
1138 2615 1198 2674 tibi
1221 2628 1362 2674 oecurrms

775 2690 931 2749 adversitas
957 2691 1019 2762 ojus
1043 2693 1114 2744 nutu
1138 2695 1169 2745 et
1192 2688 1363 2761 providentia

776 2763 897 2836 geritur,
909 2762 991 2834 cujus
1002 2759 1106 2816 virtute
1114 2775 1160 2816 res
1175 2765 1284 2819 creatae
1296 2765 1362 2825 sunt,

777 2841 804 2895 et
820 2837 849 2892 iu
864 2850 914 2891 suo
930 2850 990 2891 esse
1006 2840 1232 2891 conservantur.

813 2912 828 2964 5
849 2909 921 2963 Laus
946 2923 1103 2963 virvarana.
1126 2936 1163 2945 -
1190 2907 1263 2963 Cum
1287 2903 1365 2979 igitur

776 2978 922 3036 tribulatio
941 2976 1099 3045 advenerit,
1116 2975 1160 3032 exi
1178 2978 1296 3034 obviam
1318 2978 1362 3033 lvo

777 3051 844 3125 spiti
863 3054 952 3120 tanto,
966 3049 1166 3121 benigneeum
1178 3049 1361 3129 reeipiendoj

777 3132 805 3180 et
820 3124 865 3179 dic
880 3123 965 3179 corde
987 3121 1137 3193 jucundo:
1164 3122 1244 3179 Bene
1261 3122 1364 3179 venerit

776 3195 868 3252 amica
883 3209 957 3263 mea,
977 3193 1132 3250 tribulatio.
1150 3192 1207 3260 Qui
1226 3192 1307 3251 enim
1319 3192 1364 3249 ad·

776 3283 858 3325 versa
873 3266 995 3324 libenter
1010 3281 1060 3337 pro
1078 3267 1136 3321 Deo
1148 3267 1272 3336 patitur,
1288 3264 1363 3322 Clari·

776 3345 818 3396 sto
840 3355 922 3410 passo
936 3336 1121 3407 assimilatur,
1141 3342 1170 3393 et
1187 3336 1254 3394 ideo
1274 3338 1361 3408 abeo,

776 3414 922 3485 tamquam
937 3425 955 3466 a
974 3407 1125 3479 consimili,
1144 3422 1223 3465 nexu
1237 3408 1362 3467 dilectio·

776 3483 821 3540 nis
835 3481 979 3557 praecipuo
994 3481 1211 3554 constringitur.
1229 3483 1319 3538 Porro
1331 3478 1361 3535 do

776 3553 974 3613 involuntariis
985 3550 1220 3612 tribulationibus
1229 3552 1286 3611 hoc
1298 3550 1362 3609 seire

777 3627 875 3697 debes,
894 3626 971 3699 quod
993 3624 1060 3681 licet
1083 3622 1322 3693 involuntarium,
1337 3621 1362 3679 in

776 3703 916 3774 quantum
931 3695 1094 3773 hujusmodi
1115 3711 1174 3753 nou
1193 3696 1232 3754 sit
1250 3696 1363 3754 merito·

776 3769 869 3827 rium·
888 3774 1084 3828 verumtamen
1109 3766 1134 3824 si
1152 3769 1285 3842 prudens
1304 3764 1363 3826 ani·

776 3858 840 3900 mus
859 3814 913 3899 froc
938 3842 1015 3916 quod
1038 3839 1233 3899 involuntarie
1258 3840 1362 3897 illatum

777 3921 828 3986 est,
845 3914 1004 3971 voluntarie
1049 3911 1089 3969 ati
1113 3912 1248 3983 voluerit,
1276 3917 1306 3970 et
1322 3925 1364 3967 vo·

776 3987 916 4043 luntatem
933 4002 1013 4044 suam
1027 3929 1164 4043 Hactenus
1177 3984 1318 4043 rebeliem
1331 3980 1363 4041 ad

776 4060 887 4132 virgam
902 4058 951 4115 Dei
973 4056 1164 4127 inclinaverit,
1177 4059 1318 4117 virtutem
1329 4054 1364 4113 ia·

776 4133 853 4187 ciens
872 4148 905 4187 ex
932 4128 1113 4199 necessitate,
1141 4129 1222 4187 haud
1247 4130 1363 4187 dubium

776 4203 843 4279 quin
859 4202 972 4260 salubre
983 4209 1012 4263 et
1025 4199 1205 4259 meritoriam
1216 4202 1278 4273 flet,
1292 4207 1321 4259 et
1331 4197 1364 4257 ad

775 4274 925 4347 spirituale
932 4273 1069 4332 virtutum
1080 4272 1294 4333 incrementum
1306 4286 1365 4347 pro·

775 4347 863 4418 liciat,
878 4347 932 4405 hoc
952 4346 1029 4420 quod
1046 4351 1113 4405 ante
1129 4344 1299 4418 pestiferum
1319 4341 1362 4399 vi-
