2820 4928
197 322 236 379 D!
263 324 367 380 lutto
392 324 434 379 tr
460 326 583 392 ululo,
610 326 649 381 lc
675 325 825 382 SECUNDO
852 326 952 383 tuuis
979 328 1148 385 tunultu.
1239 327 1284 384 tal

53 430 266 501 expendantur.
282 430 362 488 Unde
381 429 615 502 sittianorum
634 448 643 489 ι

54 520 73 559 u
86 506 179 565 boum
195 520 228 561 ex
246 502 410 561 totocorde
432 504 551 578 diligire
570 521 644 575 prae-

53 576 173 651 ciperis,
189 583 219 631 nt
235 590 336 631 omnes
352 574 540 647 ‹eiigitationos
556 586 620 632 toas
637 594 645 646 ;

54 664 91 707 ex
101 654 161 704 tota
173 646 268 703 anima
280 651 310 703 ut
319 663 431 703 omnem
449 648 535 704 vitam
549 656 644 715 tuam3

54 736 93 779 ex
113 726 174 776 tota
188 725 283 775 moute
298 726 359 785 tua,
375 728 405 774 ut
419 735 531 776 omnem
561 720 644 777 intel·

55 792 270 849 lertnmtnum.
300 790 327 845 io
362 790 440 847 illiim
471 792 647 855 consorano

56 878 117 937 quo
132 864 223 919 bibes
240 877 274 917 ea
302 877 367 932 que
394 863 515 920 coniers.
535 865 644 920 duliam

56 950 130 1006 ergo
142 938 205 990 vita
215 940 318 989 nostrae
331 938 438 1003 partein
456 935 569 1007 reliquit
583 952 646 1008 quae

57 1021 162 1063 vacare
177 1005 291 1067 debeat,
312 1013 341 1061 et
354 1007 433 1078 quasi
450 1006 543 1063 locuni
565 1008 645 1078 dare,

57 1076 163 1135 utalia
187 1093 218 1133 re
235 1076 304 1133 velit
331 1077 401 1145 trui;
432 1077 481 1134 sed
508 1077 646 1149 quidquid

57 1147 139 1206 atiud
153 1147 329 1207 dilirendum
343 1149 453 1205 venerit
468 1150 647 1219 inanimum,

57 1220 130 1278 illuc
152 1219 290 1292 rapiatur,
310 1235 365 1289 quo
387 1226 461 1276 totus
488 1221 647 1278 dilectionis

58 1290 185 1364 impetus
200 1290 299 1347 currit.
316 1294 394 1347 Tune
420 1299 463 1348 est
477 1292 553 1349 enim
576 1293 647 1365 opti·

59 1378 126 1420 mus
140 1364 236 1425 homo,
252 1378 315 1418 cum
328 1368 388 1419 tota
403 1362 462 1420 vita
486 1381 538 1421 soa
555 1364 648 1436 pergit

60 1434 93 1492 in
110 1433 342 1491 incommutabile
356 1436 472 1492 bonum.
490 1457 504 1487 ii
524 1438 601 1493 Unilc
619 1445 647 1493 et

60 1508 265 1575 chrysostomus
289 1524 298 1560 ε
323 1527 337 1556 o
368 1506 438 1573 Quid
462 1512 506 1563 est
530 1508 646 1580 diligere

60 1579 151 1637 Deum
167 1594 199 1633 ex
223 1582 282 1633 toto
308 1578 414 1634 corde?
443 1581 478 1635 Ut
494 1596 544 1635 cor
567 1586 646 1636 toiim

57 1664 117 1707 uon
132 1648 170 1705 sit
180 1647 346 1704 inclinatum
359 1650 395 1704 ad
411 1649 496 1707 ullius
516 1651 556 1707 rei
574 1651 645 1708 dile·

59 1719 319 1791 ctiouomamptius
328 1736 413 1790 quam
427 1722 484 1777 bri.
495 1724 549 1778 Pro
558 1739 646 1793 quan·

56 1797 89 1851 ta
103 1790 180 1849 enim
192 1798 272 1863 porte
286 1808 336 1847 cor
352 1798 430 1849 tuum
448 1794 531 1849 liniti
546 1796 580 1850 ad
598 1795 646 1851 ali·

59 1879 147 1995 guam
171 1879 242 1929 rom,
263 1878 314 1934 pro
339 1871 415 1920 tanta
433 1865 526 1921 minus
542 1872 586 1922 est
609 1867 646 1922 ad

106 1950 163 1993 um.
178 1934 248 2003 Quid
260 1935 339 1991 estin
353 1937 519 1993 totaaoiina
529 1937 646 2007 diiigore

61 2006 174 2066 Deum‘l
189 2007 219 2063 ld
239 2012 281 2063 est
303 2008 493 2064 certissimum
519 2014 645 2065 animum

59 2080 171 2137 habere
186 2078 214 2133 in
232 2077 361 2145 veritate,
376 2088 404 2136 et
417 2080 529 2135 lirinnm
545 2097 604 2136 csse
619 2080 647 2136 in

60 2150 133 2209 flde.
165 2148 219 2218 Qui
243 2148 320 2206 enim
347 2150 436 2207 credit
455 2152 529 2224 apod
559 2154 646 2208 Deum

59 2238 125 2281 esui
139 2236 223 2277 omne
237 2221 353 2289 bonnm,
371 2229 399 2279 et
415 2223 482 2279 nihil
499 2226 564 2280 boui
585 2240 646 2280 csse

59 2300 143 2352 extra
159 2292 266 2361 ipsum;
284 2292 329 2349 liic
344 2311 371 2350 m
393 2300 452 2351 tota
465 2296 560 2351 animo
577 2295 647 2351 dili-

57 2364 125 2437 ligit
139 2366 227 2421 Deum
254 2364 325 2432 Qiiid
335 2372 377 2422 est
393 2366 420 2421 in
433 2375 594 2424 totamcnte
605 2367 646 2423 di·

57 2434 153 2511 ligere
170 2438 258 2493 Deum
273 2437 287 2492 t
302 2438 332 2491 lit
351 2444 404 2506 est,
421 2443 450 2493 nt
468 2455 568 2495 omnes
585 2456 647 2494 seu·

57 2509 180 2575 sustni,
208 2509 257 2579 qui
283 2508 425 2578 portinent
447 2509 483 2566 ad
511 2517 647 2576 montem,

59 2580 122 2637 Deo
136 2584 247 2636 vacent.
279 2579 365 2650 Cuius
390 2583 465 2637 enim
490 2581 648 2638 intellectus

57 2652 122 2709 uio
137 2649 293 2718 ministrat,
314 2655 395 2721 cuius
412 2652 552 2724 sapientia
574 2653 649 2708 circa

59 2724 155 2781 Deum
166 2727 221 2789 est,
236 2724 318 2795 cujus
329 2723 463 2791 cogitatio
476 2741 511 2781 ea
525 2741 587 2795 cute
601 2723 650 2782 liei

60 2799 253 2862 aunttractat,
264 2798 343 2864 cujus
353 2795 491 2852 memoria
499 2813 564 2867 quae
576 2799 650 2852 bona

61 2873 133 2923 eunt
161 2868 339 2931 recordatur,
359 2873 417 2923 tota
443 2882 538 2924 mente
557 2867 651 2939 diligit

62 2938 173 2994 neom:
188 2937 248 2993 ltaec
262 2939 478 3005 chrysostomus.
491 2940 650 2996 Secundum

62 3008 246 3075 anardnm,
262 3009 364 3067 dicitur
380 3016 438 3066 tolo
453 3011 547 3067 corde.
564 3010 592 3066 id
609 3018 652 3066 ost

65 3078 652 3153 sapienter,connasuggestioncsdiaboti,

67 3164 105 3208 ue
122 3152 310 3221 sedueaioui·;
327 3161 386 3209 loia
401 3153 508 3224 anima,
523 3154 652 3222 dulciter,

66 3228 165 3304 contra
184 3223 386 3280 delectationes
405 3241 511 3293 carnis,
530 3241 564 3282 ne
583 3226 652 3281 alli-

64 3307 190 3362 ciamur;
210 3301 268 3351 totu
288 3302 393 3365 mente,
415 3296 533 3359 l'ortitor,
555 3303 654 3353 contra

64 3381 213 3494 gressuros
244 3367 353 3430 mundi,
385 3384 421 3424 ne
446 3368 652 3439 opprimamur.

91 3453 132 3493 aec
148 3452 226 3493 emm
245 3445 311 3494 sunt
333 3438 398 3503 tria,
419 3456 483 3510 qnae
511 3439 653 3510 praecipue

62 3508 215 3565 retrahunt
232 3510 268 3566 ab
282 3525 380 3567 amore
409 3514 481 3568 Dei:
508 3511 652 3580 diabolos,

62 3596 133 3637 caro
148 3585 176 3636 et
197 3580 326 3638 mundus.
351 3585 382 3638 ljt
394 3584 544 3655 subjungit
559 3581 655 3641 Domi·

62 3666 118 3709 nus
139 3668 147 3707 t
168 3654 225 3707 Hoc
244 3658 284 3708 eat
303 3657 467 3723 inanimum,
489 3661 515 3711 et
531 3658 653 3723 primum

62 3723 227 3779 mandatnm
238 3742 247 3778 .·
259 3724 412 3781 maniniom
427 3725 577 3791 diuuitzite,
587 3725 655 3796 quia

61 3794 98 3851 de
111 3794 245 3861 marimo,
257 3796 365 3853 scilicet
375 3796 410 3853 de
422 3800 479 3853 beo
491 3796 653 3868 diligendo,

61 3867 189 3939 primum
204 3866 317 3935 ordine,
337 3871 405 3936 onia
420 3874 593 3940 prereptum
620 3871 656 3924 de

64 3936 116 3995 diti
137 3941 213 3994 endo
229 3939 317 3996 lJeum
334 3944 471 4021 precedit
482 3945 655 4013 praereptum

63 3950 475 4093 detfiligcndoprosonomsst
497 4027 563 4069 vere
581 4011 655 4092 istud

66 4084 111 4138 est
138 4081 262 4139 nobnius
288 4090 317 4138 et
345 4083 439 4140 utilius
461 4082 537 4140 iuter
560 4098 656 4140 omnia

66 4155 206 4210 mandata
220 4170 227 4221 ;
242 4152 270 4210 in
285 4154 339 4211 hoc
364 4156 440 4211 enim
459 4154 555 4212 omnia
575 4171 656 4211 mon-

67 4223 138 4282 data
152 4222 318 4284 imitentur.
347 4227 405 4283 tloc
431 4225 517 4283 ctiam
532 4228 657 4284 manda-

68 4298 132 4354 tum
158 4296 298 4371 drigendi
324 4299 411 4355 Deum
441 4307 484 4355 est
511 4313 656 4372 magnum,

703 430 770 504 quia
787 433 905 492 mandat
928 437 983 493 lioc
1007 434 1051 491 lex
1078 432 1228 501 naturalis,
1256 432 1287 492 iu

702 514 796 561 mente
816 507 909 563 omnis
922 512 1060 563 creature
1076 505 1226 563 rationalis
1240 504 1286 563 di·

702 576 805 633 linitus
819 576 1166 650 iiidelebiliteriupres÷a3
1182 579 1286 647 majus,

702 652 769 716 quia
789 652 948 720 remandat,
966 656 992 708 et
1023 657 1154 707 rooeteos
1181 649 1286 706 iterum

702 720 816 777 mandat
832 721 885 777 lion
901 724 954 779 Lex
970 721 1119 778 illosairaa
1138 724 1193 777 beo
1208 723 1286 791 «lota,

703 799 730 849 et
744 808 796 864 por
811 794 936 863 Angelos
955 793 1087 850 ordinata
1100 811 1107 859 ;
1132 792 1285 861 maritum,

702 865 770 933 quia
783 864 934 922 confirmat
949 865 1017 920 illiid
1033 867 1086 921 Lex
1106 864 1285 934 evangelica,

702 951 858 1008 peripsum
879 938 968 993 Fiiuin
985 936 1033 994 Dei
1050 935 1163 992 tradita.
1183 940 1212 989 ut
1231 937 1287 1007 pri·

703 1006 1289 1079 mumestmandatum,intentionrjoben·

701 1079 750 1146 tis,
766 1077 830 1135 finis
843 1079 920 1135 cuim
935 1079 963 1135 in
978 1078 1114 1150 quolibet.
1128 1094 1162 1134 ea
1174 1093 1236 1148 quae
1251 1077 1287 1132 ad

704 1151 789 1206 linem
804 1156 881 1216 sunt,
903 1151 931 1207 iu
951 1150 1110 1207 intcntione
1136 1147 1285 1220 praecedit,

703 1222 777 1278 unde
802 1224 967 1287 Apostolus:
994 1224 1071 1277 Finis
1095 1223 1225 1291 precepti
1247 1222 1288 1274 eat

703 1296 817 1361 coritas,
829 1293 895 1350 linis
908 1311 964 1350 non
979 1292 1150 1357 terminans,
1164 1294 1206 1347 vel
1223 1305 1289 1346 con·

703 1380 860 1429 suinmans,
877 1368 911 1422 ad
924 1381 1007 1436 quem
1020 1380 1102 1420 omne
1114 1368 1288 1434 praevoptnm

704 1439 866 1505 ordinator,
876 1436 1016 1493 etiterum
1030 1462 1036 1492 :
1053 1435 1197 1492 Plenitudo
1208 1436 1289 1502 Lapis

703 1514 743 1563 cst
758 1509 867 1564 dilectio
878 1529 886 1573 t
899 1517 927 1565 et
941 1512 976 1564 Ps
986 1506 1088 1564 :lmista
1102 1530 1108 1564 ε
1123 1506 1217 1564 amno
1228 1521 1288 1561 con·

702 1584 893 1636 summotiom's
911 1581 971 1635 vidi
983 1583 1083 1650 pinem;
1103 1579 1191 1633 latum
1205 1593 1286 1632 mun·

702 1653 798 1706 dotum
813 1658 890 1707 tniim
907 1655 1000 1706 nimis.
1022 1651 1083 1719 Vel,
1103 1648 1227 1721 primum
1244 1650 1287 1705 est

702 1723 731 1780 iu
747 1723 914 1780 ncces-sitite
927 1721 1143 1780 observationis.

738 1796 899 1862 donicion
918 1813 1080 1851 necessitato
1094 1811 1129 1850 an
1149 1809 1201 1848 noc
1218 1808 1287 1851 utu·

703 1884 790 1922 norun
805 1885 937 1923 rennuere
953 1883 1116 1922 iurnnnnvu.
1131 1895 1166 1905 -
1179 1863 1222 1919 Ad
1233 1864 1288 1919 hoc

702 1944 797 1994 anti-m
812 1939 888 2008 quod
916 1938 991 1993 istud
1008 1936 1171 1993 mandatum
1201 1933 1289 2000 possit

703 2009 827 2081 periccte
845 2008 968 2078 impleri,
998 2018 1121 2074 qiiatoiir
1137 2004 1288 2073 requirun-

704 2078 1161 2136 tur.-llriinumostdivioorum
1173 2075 1287 2131 beneb-

704 2155 810 2208 oiorum
828 2149 1043 2215 reoirmoratio3
1059 2146 1210 2220 qoiaonim
1224 2162 1288 2216 qtiae

704 2225 842 2281 habemus
858 2225 916 2279 sive
937 2221 1087 2283 exteriora,
1107 2218 1166 2276 sive
1184 2233 1288 2289 corpus

703 2303 731 2352 et
745 2296 883 2361 aninium,
899 2294 994 2352 omnio
1010 2311 1026 2347 a
1054 2295 1111 2349 Deo
1137 2292 1287 2358 babemus,

703 2369 767 2424 ideo
782 2373 893 2431 oportet
919 2367 993 2437 quod
1011 2364 1065 2422 sibi
1094 2364 1130 2419 de
1155 2360 1288 2419 oninilnis

703 2456 766 2511 quae
796 2440 935 2495 habemus
963 2436 1131 2499 serviamus,
1165 2440 1194 2490 et
1221 2448 1287 2515 eum

704 2512 789 2568 corde
802 2515 926 2581 pertin-to
938 2509 1099 2566 dilioamus.
1112 2506 1288 2586 Nimisenim

706 2585 832 2639 ineratus
847 2588 932 2641 osset.
952 2581 998 2652 qui
1024 2578 1152 2650 cogitans
1169 2576 1288 2645 alicujus

704 2654 874 2711 beneficium
890 2668 1022 2709 cumnon
1037 2649 1178 2722 diligeret.
1194 2679 1226 2690 -
1242 2648 1289 2704 Se-

705 2727 828 2781 cundum
851 2730 895 2781 est
911 2724 1015 2781 divinae
1035 2720 1208 2778 excellentie
1224 2733 1290 2775 con·

705 2796 851 2866 sideratio,
870 2796 1025 2853 Douseuim
1038 2794 1130 2865 major
1145 2800 1189 2849 est
1204 2789 1291 2848 corde

707 2874 803 2925 nostro
818 2886 824 2930 ς
841 2873 868 2924 et
882 2868 956 2936 ideo,
971 2866 994 2923 si
1009 2872 1068 2922 tot-i
1083 2865 1167 2920 cordo
1183 2868 1212 2919 et
1226 2876 1290 2920 om·

707 2941 791 2996 nibus
811 2939 919 2997 viribus
941 2939 992 3011 ipsi
1013 2935 1181 3002 serviamus,
1199 2935 1291 2990 auliuc

708 3011 883 3068 sulticieutes
899 3028 954 3067 non
965 3024 1073 3072 sumus,
1089 3023 1141 3063 nec
1155 3005 1293 3063 satisfaci-

709 3099 782 3149 mns,
795 3084 870 3138 undo
890 3081 919 3138 iu
937 3079 1132 3137 Ecclesiastico
1150 3101 1156 3133 :
1178 3079 1290 3148 Gloripi·

708 3160 800 3211 contos
814 3157 958 3210 Dominum
970 3158 1221 3224 quantumcumque
1233 3152 1293 3230 pot·

708 3229 818 3293 ueritis,
842 3225 1028 3297 supervalebit
1060 3223 1174 3288 odbac;
1202 3236 1293 3290 motor

709 3303 749 3354 est
767 3301 839 3353 enim
854 3301 928 3353 omm'
944 3297 1035 3352 londo.
1052 3326 1085 3336 -
1106 3296 1232 3350 Tertium
1248 3297 1292 3349 est

710 3370 920 3426 mundanorum
941 3374 970 3426 et
994 3366 1120 3424 omnium
1149 3371 1291 3438 tempora·

710 3442 778 3497 linm
792 3440 945 3498 abdicatio.
964 3442 1094 3511 ilagnam
1112 3440 1189 3495 enim
1217 3437 1291 3509 inju-

710 3512 780 3569 riam
797 3514 865 3569 lacit
884 3516 952 3576 Dra,
972 3529 1018 3583 qui
1035 3510 1144 3582 aliquid
1161 3508 1187 3566 ei
1215 3509 1291 3565 adae·

709 3591 788 3655 unat,
804 3585 879 3652 iiuod
896 3586 939 3654 tit,
955 3585 1070 3655 qnando
1085 3599 1131 3639 res
1146 3588 1293 3651 tempora·

710 3655 751 3712 les
766 3662 794 3713 et
813 3656 1012 3727 corruptibiles
1046 3655 1128 3711 simol
1153 3667 1217 3709 cum
1236 3654 1292 3707 lleo

711 3726 867 3798 diligimus.
879 3728 951 3785 b'ihil
966 3725 1040 3783 onim
1058 3725 1134 3782 aliud
1148 3720 1294 3793 vultquod

711 3799 872 3871 diligamus,
882 3815 966 3870 quarm
977 3814 1042 3854 eum
1056 3814 1063 3853 :
1075 3800 1142 3880 quia
1153 3792 1296 3866 ipsesolus

712 3872 773 3926 sini·
789 3871 930 3927 consortio
944 3870 1001 3925 volt
1017 3870 1165 3941 posidonii
1184 3879 1233 3920 cor
1247 3878 1298 3918 no·

712 3948 812 3998 strum.
828 3943 907 3999 liudo
922 3941 991 3999 dicit
1005 3942 1195 4006 dopnstinus:
1214 3955 1230 3986 n
1247 3935 1298 4014 Do·

713 4003 1299 4085 mine,minustoamat.uuipraeterteali·

713 4076 1302 4158 quidamst.iiUndeetdioroapmmmlit·

714 4155 940 4220 misostavarus,
951 4154 994 4212 cui
1009 4168 1064 4209 non
1073 4149 1273 4208 sullicitlieus.
1286 4168 1297 4197 i

715 4230 894 4297 -Qnartnni
914 4235 956 4283 est
979 4222 1144 4281 omnimoda
1166 4224 1301 4290 peccato-

714 4315 777 4357 rum
792 4300 901 4365 vitatio,
917 4292 1091 4370 quianullus
1105 4295 1198 4366 potest
1210 4292 1300 4348 Deum
