2820 4928
147 395 193 451 tto
477 394 637 450 SECUNDAE
664 390 781 449 rantis
809 389 912 444 darer
940 392 1056 448 xxxii

147 590 226 631 roam
240 575 260 629 ti

144 503 216 560 coelo
227 503 258 575 ju
281 502 334 558 iter
347 499 468 557 intentio
485 516 559 571 mea,
575 500 612 557 sit
631 512 741 557 mecum
756 495 786 553 in
802 502 879 554 terra
894 498 1036 556 continuo
1049 501 1203 571 protectio
1217 509 1283 578 tua;
1294 507 1369 565 alba

261 518 291 630 Xi
305 570 542 645 inseparabiliter,
557 573 679 629 serviam
694 569 982 642 tibipersererauter,
1000 587 1142 644 quaeram
1158 580 1188 631 te
1202 575 1369 645 fideliteain·

147 643 260 702 reniam
274 651 303 702 te
317 643 447 714 feliciter,
461 645 622 716 possideam
636 647 663 700 te
676 639 862 714 aeternaliter,
874 642 931 698 Rex
946 658 1031 701 meus
1041 649 1071 702 et
1085 645 1169 703 Deus
1181 663 1275 708 meus.
1288 653 1368 708 tmen.

614 928 752 1002 CAPUT
777 928 906 1002 XXXII

186 1136 225 1182 DE
241 1137 359 1184 DUOBUS
379 1135 713 1195 rm118,ouonutturtus
733 1134 764 1180 ΙΝ
786 1135 985 1190 videantur,
1004 1136 1098 1183 amus
1121 1138 1177 1183 lats
1200 1139 1354 1187 mutam.

615 1268 740 1326 blatthaei
755 1284 816 1340 cap.
835 1268 906 1327 Xlll.

186 1456 196 1491 1
211 1434 347 1490 Erramus
360 1448 564 1488 uanamcmoms
580 1430 689 1485 Cnmsrr
702 1446 730 1485 m

145 1522 306 1562 ricunaaau.
323 1534 357 1544 —
371 1507 481 1559 Etcum
503 1501 586 1558 tertio
606 1501 727 1567 sabbati,

143 1577 198 1632 hoc
212 1582 255 1631 est
269 1574 340 1631 feria
353 1573 448 1640 tertia,
465 1573 568 1629 iterum
581 1590 670 1636 mune,
687 1589 729 1629 re·

144 1645 281 1702 vertendo
310 1645 346 1700 ad
372 1643 514 1700 civitatem
544 1644 727 1711 Jerusalem,

143 1719 294 1773 transireat
309 1714 447 1772 Dominus
471 1721 499 1771 et
517 1713 647 1795 discipuli
667 1715 729 1787 ejus

143 1787 327 1844 circatorum
346 1785 394 1844 ubi
414 1785 474 1857 ipse
493 1786 637 1842 maledixit
651 1786 728 1841 deul-

142 1875 213 1928 neae,
228 1860 357 1915 uiderant
372 1857 501 1930 discipuli
523 1860 604 1929 ficum
618 1859 728 1913 aridam

141 1934 281 2000 factumn
305 1931 461 1998 radicibus,
479 1929 568 1985 idest
594 1945 611 1985 a
630 1930 728 1985 lunda-

142 2005 256 2073 mentis,
266 2019 334 2074 ,quae
343 2007 425 2058 erant
439 2001 603 2057 sacerdotes
616 2006 644 2056 et
655 2000 728 2057 Seri·

141 2075 196 2144 bae,
225 2074 346 2145 srnplius
374 2089 459 2145 quam
488 2072 580 2144 prima
605 2072 671 2140 dic;
699 2077 728 2128 et

139 2146 234 2202 mirati
245 2151 313 2201 sunt
325 2145 359 2200 de
373 2143 467 2200 subita
480 2144 591 2200 arboris
606 2143 726 2200 exsicca·

138 2215 228 2272 tione.
244 2218 301 2271 Nee
320 2215 423 2270 mirum
441 2215 463 2269 si
486 2212 623 2270 continuo
639 2215 724 2285 aruit,

139 2286 205 2357 quia
214 2301 307 2341 sermo
323 2274 435 2340 Domini
451 2284 645 2341 maledicentis
658 2303 723 2357 qua·

138 2357 163 2414 si
179 2359 294 2413 llamma
309 2356 345 2411 ad
360 2356 470 2411 radices
483 2355 639 2411 descendit.

177 2449 191 2484 a
207 2429 331 2496 Quassmo
342 2444 485 2483 rarucuuu
505 2444 677 2485 saeaanoruu
690 2446 724 2485 na

141 2501 252 2558 Caatsrr
266 2517 427 2555 rorasrara.
437 2531 470 2540 -
483 2502 519 2555 Et
534 2516 594 2554 cum
607 2505 726 2555 uenisset

140 2575 171 2628 in
188 2573 329 2644 templum,
348 2571 428 2626 idest
449 2570 479 2626 in
492 2570 598 2626 atrium
615 2572 724 2642 templi,

140 2644 189 2701 ubi
205 2643 411 2700 conveniebant
434 2641 564 2698 homines
579 2643 615 2698 ad
640 2660 724 2699 oran-

141 2716 218 2784 dum,
236 2721 264 2771 et
277 2716 395 2770 verbum
417 2712 467 2770 Dei
491 2714 676 2782 audiendum,
693 2719 724 2770 ut

140 2786 265 2855 doceret,
284 2792 389 2853 oraret,
407 2791 435 2841 et
454 2785 612 2854 exemplum
630 2785 722 2849 daret,

140 2864 321 2926 accesserunt,
343 2873 399 2913 non
414 2861 446 2913 ut
469 2858 640 2912 doceremur
661 2873 723 2913 cum

139 2931 255 3003 populo,
271 2931 321 2986 scd
335 2929 528 2985 utdocentcm
543 2935 679 2999 caperent
693 2928 722 2983 in

137 3003 236 3069 verbo,
256 3002 293 3057 ad
310 3017 371 3056 eum
386 3001 534 3063 docentem,
551 2998 579 3055 id
598 3003 642 3055 est
656 3001 723 3056 dum

138 3073 265 3142 doceret,
281 3072 396 3143 quaudo
412 3074 555 3143 praecipue
569 3069 724 3141 impedien-

138 3143 192 3200 dus
214 3160 271 3200 non
293 3151 365 3211 arat,
378 3146 519 3214 principes
541 3144 722 3212 sacerdotum,

138 3230 209 3286 quos
222 3231 279 3271 non
291 3220 406 3270 excusat
416 3213 588 3285 ignorantia,
598 3220 623 3269 et
634 3216 723 3268 senio·

136 3302 180 3341 res
193 3287 326 3356 papulae
341 3285 725 3355 quibusegressaestiniqui-

138 3361 191 3411 tas.
206 3358 287 3423 Nam,
308 3356 465 3411 secuudum
482 3358 723 3426 chrysostomum,

137 3425 271 3483 dicebant
292 3426 466 3492 sacerdotes,
495 3427 570 3497 apud
586 3443 616 3483 se
638 3428 722 3483 meti-

134 3498 278 3569 psoszllos
290 3512 390 3552 sumus
404 3496 544 3552 columnas
556 3497 665 3568 templi.
680 3514 723 3553 oc-

137 3567 720 3639 cesuperillumlotarerumbitEcclesia;

135 3656 198 3709 nos,
214 3655 312 3695 sumus
328 3638 409 3711 quasi
427 3639 581 3695 tacentium
601 3639 723 3711 Scriptu-

135 3727 231 3768 rarum
245 3711 343 3783 lingua
359 3709 488 3776 risibilis,
507 3718 534 3767 et
544 3727 609 3767 ecre
623 3710 669 3767 illa
681 3728 723 3767 ro-

135 3783 253 3841 sonatiu
265 3782 358 3839 medio
367 3781 463 3853 templi
473 3782 720 3854 etnoscontcmpti

135 3855 216 3928 quasi
232 3854 340 3910 cithara
356 3853 494 3923 dissipata
509 3860 651 3923 tacemus3
668 3871 721 3910 nas

133 3928 239 3984 luimus
254 3931 360 3998 patres,
377 3927 462 3980 modo
483 3923 536 3981 iste
555 3934 676 3997 generat
685 3926 721 3980 ‹fi-

132 3997 197 4067 lios,
214 4003 241 4055 et
255 4015 306 4053 nos
319 3996 432 4053 steriles
447 4012 555 4053 sumus.
572 3996 657 4062 Quasi
679 3996 721 4051 di·

132 4076 231 4126 cerent
247 4086 253 4125 :
267 4068 385 4125 llultum
401 4065 579 4123 vililicamur.
597 4068 630 4123 lli
651 4084 719 4138 ergo

133 4147 323 4209 accesserunt,
340 4142 460 4196 dicentes
472 4154 479 4193 :
490 4142 541 4194 llic
554 4140 643 4205 nobis,
653 4139 720 4210 quia

132 4213 170 4269 ad
184 4212 309 4269 cilicium
323 4219 452 4268 nostrum
472 4209 596 4280 pertinet
611 4211 665 4265 lroc
677 4210 720 4265 in-

134 4283 248 4356 quirere
262 4290 290 4338 et
303 4282 387 4351 scire,
402 4285 433 4338 in
447 4299 503 4352 qua
516 4286 649 4352 potestate
664 4283 719 4338 baec

131 4357 215 4426 tucis,
230 4369 269 4410 an
282 4353 411 4426 propria,
424 4352 533 4410 scilieet
547 4368 584 4409 an
603 4352 717 4410 aliunde

782 1428 835 1485 tibi
858 1428 1037 1486 commissa?
1066 1434 1107 1488 Et
1133 1436 1209 1503 quis
1235 1436 1290 1491 tibi
1313 1436 1374 1491 dedit

782 1502 852 1557 banc
864 1506 1035 1572 potestatem,
1053 1509 1087 1558 ut
1100 1502 1162 1561 ista
1175 1506 1292 1563 iacias?
1304 1505 1372 1575 Quas'

782 1574 807 1628 ei
831 1572 976 1629 dicerent:
991 1573 1065 1640 Quid
1081 1580 1126 1631 est
1148 1578 1234 1648 quad
1251 1579 1330 1650 ejicis
1347 1579 1373 1635 dc

781 1644 886 1715 templo
897 1660 968 1716 quos
976 1643 1100 1713 viscum
1111 1663 1176 1704 non
1186 1649 1230 1706 sis
1243 1649 1372 1715 ostiarius

781 1720 810 1770 et
836 1730 923 1787 quare
940 1717 1034 1785 doces,
1067 1718 1160 1775 nohis
1187 1719 1373 1778 inconsultis?

781 1787 918 1854 Quaerunt
940 1803 997 1857 qua
1021 1789 1209 1848 auctoritate
1228 1792 1286 1849 ista
1301 1792 1371 1849 lacit:

781 1857 849 1928 quia
864 1858 1064 1915 auctoritatem
1077 1859 1222 1932 ejiciendi
1232 1864 1270 1921 de
1283 1870 1336 1920 tem
1352 1864 1372 1919 b

781 1929 925 1986 habebant
940 1929 1062 1998 ostiarii,
1083 1936 1114 1987 et
1131 1936 1326 1992 autoritatem
1335 1880 1371 1991 Xe

779 2000 861 2056 cendi
871 2000 1196 2072 intemplosarerdotes
1205 2014 1236 2062 et
1248 2007 1327 2079 Legis
1335 2006 1371 2062 do

779 2078 884 2140 atores,
894 2072 930 2153 ad
944 2073 998 2154 boc
1012 2088 1029 2128 a
1043 2074 1236 2157 principibus
1252 2078 1369 2135 sacerdo·

779 2148 839 2199 lum
852 2149 999 2214 assignati,
1008 2150 1037 2200 et
1047 2161 1104 2201 non
1115 2148 1182 2202 alii.
1191 2149 1324 2207 Christus
1332 2165 1368 2205 au

777 2220 834 2270 tem
850 2222 981 2272 neutram
996 2219 1208 2275 auctoritatem
1232 2221 1368 2277 videbatur

778 2285 899 2355 babere;
915 2287 964 2342 scd
982 2286 1073 2357 magis
1091 2288 1257 2362 usurpare.
1279 2292 1366 2350 Subin-

778 2357 908 2429 tolligunt
919 2357 994 2414 enim
1007 2374 1072 2415 eum
1084 2362 1206 2431 operari
1241 2380 1276 2420 er
1285 2364 1365 2420 diabo

776 2427 835 2484 lum
854 2437 882 2485 ot
896 2428 1001 2486 diaboli
1019 2446 1079 2486 esse
1097 2434 1180 2502 quod
1221 2434 1293 2503 aeit,
1307 2434 1365 2491 sicut

776 2515 863 2569 supra
881 2500 1026 2566 dixerunt,
1050 2505 1127 2573 quod
1159 2503 1190 2559 in
1215 2506 1364 2563 Beelzebub

776 2571 919 2628 daemonia
943 2575 1070 2642 ejiceret.
1092 2574 1196 2643 Quasi,
1214 2578 1364 2634 secundun

777 2645 1008 2713 chrysostomum,
1021 2644 1127 2700 vellent
1143 2645 1247 2705 dicere
1263 2668 1271 2705 :
1287 2652 1326 2706 Tu
1338 2648 1365 2704 de

775 2715 945 2771 sacerdotali
969 2715 1078 2771 familia
1099 2732 1162 2773 non
1185 2735 1233 2788 es,
1261 2726 1365 2777 senatus
1404 2732 1406 2761 ⁵

776 2785 829 2841 boc
847 2785 898 2842 tibi
914 2787 1094 2843 nondonavit
1108 2804 1210 2859 neque
1224 2792 1366 2863 Caesar3in

776 2872 907 2938 quaergo
916 2862 1056 2929 potestate
1065 2859 1120 2914 boc
1133 2860 1365 2935 lacisiliumquid

775 2944 803 2983 ru
821 2929 978 2986 Beelzebub
993 2929 1122 3000 principe
1135 2931 1367 2991 daemouiaruml

775 3001 856 3056 lesus
869 3007 964 3057 autem
983 2999 1158 3072 oppositioni
1175 3004 1309 3061 reddidit
1321 3020 1362 3076 op

775 3070 1019 3142 positionem,non
1032 3071 1309 3148 solrrtionem,quasi
1319 3076 1364 3131 cla

775 3157 841 3198 vum
855 3142 1021 3202 retundens.
1035 3145 1219 3215 Respondeas
1233 3148 1312 3204 enim
1321 3148 1363 3203 bo

775 3212 870 3269 minus
879 3217 957 3269 Jesas
970 3215 1046 3270 dicit
1056 3219 1111 3270 eis:
1127 3219 1313 3288 Interropabo
1324 3231 1362 3273 sor
1404 3260 1406 3285 ,

775 3290 801 3340 et
814 3301 861 3353 epo
876 3303 961 3341 unum
973 3302 1141 3354 sermonem
1157 3306 1244 3359 quem
1256 3294 1283 3346 si
1296 3290 1361 3345 atre

774 3359 839 3411 ritis
853 3360 932 3417 mibi.
949 3363 976 3413 et
998 3374 1046 3427 epo
1061 3359 1141 3414 uobis
1157 3361 1256 3418 dicam
1274 3364 1304 3417 ia
1314 3375 1359 3432 pao

773 3433 910 3498 potestate
923 3430 979 3485 bac
1001 3431 1086 3497 facio.
1108 3429 1162 3497 Qui
1187 3438 1359 3504 erpoapertt

776 3502 960 3570 responsione
983 3504 1161 3558 tentatorum
1195 3505 1356 3560 calumniam

776 3573 922 3626 confutare
939 3577 1062 3641 poterat,
1081 3572 1243 3644 prudenter
1255 3573 1355 3631 cosia·

775 3647 912 3712 tcrrogat.
927 3647 960 3698 ut
974 3642 1025 3713 ipsi
1049 3645 1092 3698 rel
1111 3659 1163 3700 suo
1179 3645 1306 3713 silentio,
1319 3641 1353 3698 rel

774 3728 826 3767 sua
839 3715 1023 3784 responsione
1038 3717 1067 3769 et
1082 3715 1231 3773 sententia
1249 3713 1352 3773 conrin-

775 3789 886 3839 cantur.
902 3785 1086 3841 Calumnians
1103 3788 1182 3843 enim
1199 3789 1301 3844 melius
1316 3785 1352 3841 in·

775 3854 979 3926 terrogatione,
997 3872 1082 3928 quam
1109 3857 1221 3915 directa
1250 3853 1351 3915 ratioci-

775 3926 891 3982 natione
906 3927 948 3982 sel
964 3926 1158 3998 responsione,
1180 3931 1218 3985 ad
1234 3928 1351 3985 inconre

774 3997 856 4054 niens
872 3997 994 4054 ducitur.
1013 3998 1062 4055 llle
1084 4015 1210 4071 uanique
1228 4007 1272 4057 est
1289 3997 1349 4069 opti-

774 4084 838 4125 mus
855 4070 955 4126 modus
978 4070 1173 4141 respondendi
1201 4077 1231 4127 et
1250 4068 1349 4127 conclu·

773 4139 857 4195 dendi
874 4145 974 4196 contra
987 4142 1188 4211 malignantes,
1200 4142 1347 4214 quandoex

771 4212 829 4267 suis
849 4209 972 4282 propriis
986 4211 1080 4269 verbis
1103 4217 1133 4268 et
1153 4213 1297 4286 responsis
1309 4226 1346 4268 ar

809 4290 906 4338 untur.
934 4283 989 4338 Per
1010 4284 1064 4339 hoc
1087 4298 1203 4356 quoque
1233 4279 1347 4342 ostendit

813 4356 897 4410 ristus
922 4353 998 4424 quod
1023 4353 1247 4428 malignantibus
1261 4352 1345 4429 quales
