2820 4928
148 346 189 401 nii
215 344 343 399 lielllii
371 341 654 399 ltihltl'ltlittis
682 343 929 402 contumeliis
956 347 1072 403 bonuti
1099 347 1199 403 stili.
1238 345 1287 400 289
1331 324 1334 329 Ι

54 458 175 528 propter
187 452 334 509 Dominum
346 452 482 521 serviens,
490 468 557 509 oves
568 450 646 508 Cliri·

56 527 95 585 sti
109 544 168 584 nun
181 526 217 583 ad
228 527 338 582 lucium
355 525 521 597 temporale,
533 525 582 581 sed
593 540 645 597 pro

55 615 155 659 amore
171 597 274 656 Christi
291 613 421 680 pascens,
437 612 541 667 servus,
557 597 586 653 id
602 602 645 653 est

56 671 175 729 humilis
202 670 366 738 allectione,
394 685 451 725 non
479 684 572 739 suani,
595 667 644 725 scd

56 742 170 801 Domini
183 740 305 814 gloriam
323 757 465 813 quaerens,
480 743 643 813 etprudciis,

55 814 87 873 iii
103 814 190 871 oliicii
203 812 395 882 exsecutione,
408 813 455 885 qui
467 812 645 871 subditorum

55 885 256 961 capacitatem,
277 885 379 954 vitam,
398 892 426 942 et
443 902 537 943 mores
554 886 645 944 discu-

54 959 121 1027 tiat,
130 976 211 1030 quem
226 961 369 1015 constituit
377 961 518 1026 Dominus,
529 960 576 1029 qui
587 957 645 1014 sri-

56 1030 125 1088 licet
148 1029 187 1087 sit
204 1036 320 1087 vocatus
335 1045 353 1086 a
368 1032 437 1098 Deo,
453 1037 482 1086 et
505 1029 566 1103 ipse
589 1046 646 1086 non

56 1118 88 1161 se
109 1102 271 1174 ingesserit.
292 1119 375 1174 super
392 1103 534 1169 remilium
554 1118 644 1166 suum,

26 1242 30 1247 ,
55 1175 214 1248 regendam
229 1180 257 1231 ει
271 1174 461 1246 pascendam
474 1180 504 1230 ut
515 1175 561 1229 det
573 1176 644 1245 iltis,

56 1262 119 1304 iion
145 1248 295 1303 subtrahat
315 1246 503 1317 negligenter,
520 1245 643 1317 pigritia,

56 1317 101 1376 vel
117 1317 267 1375 occasione
287 1317 353 1386 alia,
372 1333 423 1374 nec
441 1318 544 1374 vendat
561 1317 645 1374 sinin·

57 1388 140 1448 niace
155 1405 282 1460 nummo,
292 1391 399 1446 scilicet
414 1389 576 1462 cupiditatis
591 1396 645 1446 ter·

57 1478 147 1532 renae,
166 1461 211 1519 vel
239 1459 331 1519 laudis
354 1463 497 1531 humanae,
522 1463 577 1524 det.
604 1459 645 1517 in-

57 1550 156 1607 quam,
171 1537 201 1589 ιιι
216 1540 335 1605 tempore
348 1539 521 1606 opportuno,
537 1532 646 1591 scilicet

57 1604 239 1663 necessitatis
263 1611 292 1662 et
316 1605 520 1673 tribulationis,
544 1604 575 1662 id
601 1610 645 1661 est

57 1677 158 1735 habita
180 1680 319 1750 temporis
341 1681 564 1750 opportunitate,
585 1693 645 1733 non

55 1749 222 1819 indiscrete,
247 1751 336 1806 tritici
359 1766 525 1809 mensurum.
543 1749 570 1805 iil
602 1753 645 1806 est

56 1822 150 1878 eibum
164 1820 268 1878 ariiniae
281 1825 310 1877 et
329 1820 466 1892 corporis,
480 1820 587 1877 scilicet
601 1821 644 1876 di-

57 1893 117 1950 vini
134 1893 210 1950 verbi
227 1893 271 1949 vel
282 1892 413 1961 exempli,
423 1894 465 1949 iel
479 1893 644 1965 temporalis

56 1964 188 2033 subsidii,
203 1966 324 2023 electum
341 1964 376 2021 ad
387 1981 468 2021 usum
482 1965 643 2034 hominum,

55 2041 84 2094 et
111 2042 305 2094 mensuratum
329 2052 381 2108 ριιι
408 2036 543 2105 qualitate
562 2035 644 2092 audi-

54 2113 152 2165 torum
167 2119 195 2165 et
218 2108 429 2180 indigentium?
450 2109 530 2175 Quod
548 2114 644 2164 autem

55 2179 126 2237 dicit
141 2181 297 2252 quaerendo
313 2198 320 2236 z
336 2180 403 2247 Quis
418 2188 513 2251 putus,
528 2197 585 2236 non
601 2186 644 2237 est

54 2250 228 2335 ignorantis,
239 2269 290 2307 nec
304 2252 397 2322 signal
410 2253 470 2307 baec
484 2252 642 2323 interroga·

54 2330 96 2380 tio
116 2323 371 2397 impossibilitatem
391 2325 572 2395 perficiendas
589 2325 643 2380 vir·

54 2396 135 2462 tntis,
151 2397 200 2453 sed
218 2396 425 2457 dillicultatem.
443 2403 469 2452 ct
487 2397 527 2453 rei
545 2396 645 2453 rarita-

53 2474 126 2538 tem,
142 2484 221 2525 rarus
238 2472 282 2524 est
295 2467 370 2524 enim
392 2466 466 2536 talis,
483 2476 511 2525 ει
526 2469 643 2526 dillicile

54 2548 102 2598 est
124 2539 178 2596 isla
194 2539 224 2595 in
239 2555 294 2596 uuo
313 2543 458 2608 invenire3
476 2556 530 2595 iion
548 2547 643 2596 autem

55 2611 240 2685 impossibile.
262 2612 340 2668 Unde
359 2610 427 2667 dicit
448 2614 641 2694 Theophilus:

54 2706 70 2735 ι
87 2684 166 2742 Sicut
179 2682 256 2741 enim
269 2683 299 2739 in
314 2683 577 2755 dispensationibus
598 2684 643 2740 la-

50 2755 266 2825 eultatum,sire
277 2754 379 2829 aliquis
389 2755 518 2813 incautus
526 2754 562 2812 sit
577 2755 643 2812 licet

54 2827 150 2885 fidelis
174 2826 290 2884 domino
319 2827 452 2896 existens,
472 2827 531 2885 sile
557 2827 643 2884 etiam

54 2899 182 2973 pmdens
201 2899 238 2956 sit
256 2899 306 2957 sed
323 2898 458 2968 infidelis,
474 2899 642 2973 dispereunt

55 2988 104 3029 res
122 2970 246 3040 domini;
267 2971 308 3028 sic
331 2976 359 3027 et
380 2970 410 3027 in
433 2974 519 3028 rebus
539 2969 643 3028 divinis

56 3059 128 3116 opus
142 3051 187 3101 est
197 3042 333 3100 fidelitate
345 3048 372 3100 et
380 3043 539 3115 prudentia.
555 3064 569 3094 i
582 3045 642 3100 Duo

55 3131 136 3187 ergo,
150 3116 306 3172 secundum
320 3117 550 3185 chrysostomum,
562 3131 643 3185 eipe-

56 3186 91 3245 tlt
105 3189 141 3245 ab
155 3187 316 3259 hujusmodi
328 3203 421 3253 servo,
432 3186 539 3243 scilicet
553 3204 560 3242 ι
575 3187 642 3243 ilde·

56 3258 179 3325 liiatem,
193 3264 223 3315 ut
239 3258 306 3315 niliil
319 3260 394 3329 quod
406 3258 518 3314 Domini
532 3258 575 3315 sui
587 3267 641 3329 est,

57 3331 110 3389 sibi
124 3331 271 3403 proprium
285 3331 406 3389 iurando
425 3330 518 3395 iaciat,
533 3335 584 3387 aut
598 3348 644 3388 ra-

58 3420 96 3461 ne
106 3410 251 3459 consumat
263 3420 270 3471 ;
284 3409 311 3459 et
327 3402 518 3476 prudentiam,
530 3414 558 3458 iit
569 3403 604 3459 ad
615 3403 642 3459 id

58 3474 136 3548 quod
147 3481 268 3542 oportet,
282 3482 307 3531 et
319 3475 346 3530 in
357 3488 492 3547 ternpore.
501 3492 564 3546 quae
577 3476 645 3532 dala

58 3553 126 3603 sunt
136 3545 289 3618 dipeiiset.
300 3550 386 3604 Debet
400 3553 493 3603 auti-ni
508 3548 643 3604 l'aiiiiliain

59 3618 173 3676 Uoiiiini
183 3634 298 3690 pascere
310 3619 399 3690 magis
409 3635 493 3690 quain
506 3636 546 3686 sc,
556 3627 584 3676 et
594 3621 644 3676 da-

58 3706 91 3747 re
115 3688 158 3746 eis
187 3691 281 3747 cibum
306 3691 444 3764 triplicem
465 3692 643 3763 pradictum,

59 3762 216 3819 secundum
237 3779 398 3820 mensurum
414 3770 442 3819 et
459 3769 645 3834 capacitatem

60 3835 251 3907 singulorum,
265 3841 293 3890 ot
308 3837 359 3891 hoc
373 3834 543 3907 intempore
557 3851 564 3889 ι
580 3835 647 3905 quia

60 3905 227 3978 praedicatio
241 3922 332 3978 neque
345 3908 426 3964 debut
437 3923 499 3962 csse
518 3905 644 3976 assidua,

61 3993 99 4034 ne
128 3976 256 4046 vilescat,
287 3995 378 4051 neque
405 3977 490 4035 nimis
512 3994 586 4042 rara,
609 3994 646 4034 ne

60 4047 167 4106 subditi
184 4049 367 4107 insolescant.
380 4051 455 4107 ldem
468 4048 553 4106 eliam
565 4053 646 4122 panis

60 4120 199 4178 esurienti
218 4121 334 4193 quidem
355 4122 514 4195 appetibilis
533 4128 588 4182 est.
604 4137 647 4178 sa-

60 4191 133 4250 tiato
146 4201 242 4250 aulem
262 4210 317 4251 non
333 4195 452 4251 multum
468 4193 556 4251 utilis.
573 4195 647 4250 Prae-

59 4263 127 4322 latis
141 4280 210 4337 ergo
225 4265 363 4323 incumbit
377 4265 495 4338 vigilare
508 4282 645 4339 superse,

61 4342 92 4395 et
115 4351 202 4411 snper
224 4353 341 4411 gregem
361 4354 456 4410 suum,
483 4346 512 4394 et
534 4337 649 4398 cuilibet

127 4430 199 4487 Viri
209 4432 276 4487 lesu
285 4432 403 4495 Camoni,
414 4446 500 4487 roiius
510 4433 561 4486 111.

675 433 677 437 ἲ
703 450 780 509 nteit
795 468 845 525 pro
861 453 976 511 modulo
993 468 1043 510 suo
1062 468 1069 510 ε
1090 456 1190 511 iteehu
1210 454 1287 512 enim

702 526 863 587 illeseruus.
880 542 959 596 quem
974 529 1103 582 hominm
1115 526 1221 595 clusin
1236 542 1287 584 suo

702 597 835 664 adventu,
850 606 878 655 et
888 616 948 655 cum
958 600 1062 655 uenerit
1077 598 1104 655 in
1117 604 1207 655 morte
1223 598 1291 671 ipsi·

703 685 747 732 us,
763 686 896 740 querens
916 669 1023 727 servitii
1048 676 1198 736 rationem,
1214 674 1287 728 inve·

702 744 775 797 nei-tt
794 745 834 798 sic
858 745 1014 811 (amentem,
1030 742 1117 800 idest
1142 745 1218 801 bone
1232 742 1288 816 spi-

703 812 818 871 ritualia
832 819 859 870 et
870 815 1030 885 corporalia
1042 814 1165 873 lldcliler
1178 822 1207 872 et
1217 831 1287 890 pru·

704 885 816 955 denter,
836 902 869 944 ac
892 887 965 943 bene
988 886 1207 955 ministrantem,
1236 889 1291 947 lioe

704 965 748 1013 est
760 960 786 1013 in
798 957 907 1015 actibus
921 958 1048 1016 caritatis
1058 975 1088 1016 se
1099 964 1289 1032 exercentem,

703 1046 736 1085 ac
758 1045 810 1103 pro
835 1046 865 1086 se
880 1036 908 1087 ει
922 1029 975 1087 sibi
993 1029 1149 1088 commissis
1164 1030 1290 1103 vigilari-

702 1105 771 1166 tem,
789 1101 855 1173 quia
866 1118 917 1175 per
932 1101 1000 1159 talla
1013 1108 1137 1160 meretur
1151 1112 1289 1161 aeternam

703 1173 917 1231 beatitudinem.
936 1178 1024 1231 Amen
1049 1176 1110 1232 dieo
1126 1177 1204 1232 uobis
1224 1191 1290 1247 quo·

701 1249 778 1302 mium
799 1262 882 1317 super
903 1249 994 1303 omniu
1011 1248 1081 1304 douo
1105 1264 1167 1311 suo,
1186 1245 1286 1317 idest,

702 1317 904 1388 superomnia
927 1318 1050 1376 coelestis
1075 1318 1157 1391 regni
1173 1319 1287 1391 gaudia,

701 1395 729 1446 et
752 1389 781 1445 iri
808 1389 858 1446 Uei
873 1390 995 1463 gloriam
1013 1392 1192 1463 ultraquam
1218 1391 1288 1447 nihil

701 1461 803 1518 melius
825 1467 878 1530 est,
901 1466 1047 1519 constituet
1071 1479 1147 1526 eum,
1169 1465 1236 1535 quia
1259 1465 1288 1520 iii

701 1533 876 1590 beatitudine
901 1539 1008 1592 aeterna
1029 1540 1219 1606 consequetur
1240 1535 1289 1592 bo·

701 1621 768 1662 num
788 1605 944 1673 inlinitum,
962 1606 1038 1678 quod
1057 1606 1177 1663 includit
1191 1605 1289 1664 omnia

700 1678 796 1747 bona3
813 1677 959 1734 beatitudo
975 1677 1052 1735 enim
1067 1684 1110 1735 est
1125 1682 1215 1736 status
1229 1694 1288 1735 om·

702 1749 780 1806 iilum
811 1751 950 1808 bonorum
971 1749 1177 1823 aggregatione
1193 1752 1288 1823 perle-

701 1827 772 1878 ctus.
800 1824 879 1879 Uene
911 1821 1016 1895 quippe
1044 1822 1197 1895 praesentia
1223 1829 1289 1879 sunt

701 1893 894 1966 particularia,
911 1895 961 1951 sed
981 1896 1054 1951 bona
1080 1893 1206 1951 coelestia
1223 1898 1289 1950 sunt

701 1965 864 2021 communia
877 1970 905 2021 et
920 1966 1057 2037 perlecta,
1073 1965 1140 2037 quia
1162 1981 1236 2022 nunc
1255 1982 1301 2022 ex·

700 2044 781 2108 parte
803 2052 1015 2107 cognoscimus,
1034 2043 1062 2093 et
1080 2053 1112 2093 ex
1127 2043 1208 2109 parte
1221 2035 1286 2092 dili·

700 2108 727 2180 gi
733 2125 803 2174 iniis,
814 2109 864 2165 sed
876 2115 940 2165 tunc
948 2111 1081 2180 perfecte.
1092 2108 1287 2165 Constituetur

700 2186 794 2237 autern
824 2198 910 2254 super
936 2181 1042 2249 omnia,
1059 2197 1115 2236 non
1138 2192 1170 2237 ut
1196 2179 1284 2250 solus,

699 2253 750 2309 sed
772 2261 802 2309 ut
817 2270 875 2327 prae
891 2259 993 2309 ceteris
1007 2253 1153 2326 possideat
1166 2253 1286 2325 praemie

700 2331 728 2382 et
747 2326 850 2396 gaudia
864 2331 982 2389 aeterna.
999 2332 1058 2382 luni
1077 2341 1130 2397 pro
1149 2341 1200 2381 sua
1216 2326 1283 2396 vita,

699 2404 758 2453 tuin
784 2414 834 2470 pro
857 2415 916 2454 suae
941 2398 1036 2470 gregis
1052 2396 1188 2454 custodia.
1203 2399 1283 2459 Nam.

700 2472 855 2525 secundum
872 2472 1102 2537 tahmisostomum,
1115 2486 1147 2525 ex
1162 2469 1285 2541 propriis

700 2539 811 2596 meritis
834 2541 950 2597 habebit
967 2556 1095 2607 auream,
1114 2546 1142 2596 ct
1167 2557 1200 2597 ex
1220 2540 1287 2598 alio·

699 2628 761 2668 rum
775 2611 961 2682 acquisitione
976 2611 1136 2669 aureolam:
1148 2611 1285 2685 primum,

700 2683 847 2755 qniabene
859 2683 926 2740 vixit
939 2702 946 2754 ;
957 2685 1126 2753 εεειιιιιιιιιιι,
1138 2683 1287 2756 quiaalios

699 2756 772 2813 bene
786 2760 881 2813 virere
901 2755 1008 2813 docuit.
1023 2755 1102 2812 Unde
1117 2756 1283 2828 Apostolus:

699 2829 753 2895 Qui
771 2830 834 2884 hene
846 2834 980 2900 praesunt,
995 2828 1103 2898 duplici
1128 2829 1226 2884 honore
1241 2828 1286 2883 m·-

699 2903 748 2969 pnt'
766 2901 928 2964 habeamur,
944 2902 1066 2956 moeime
1084 2902 1135 2970 qui
1159 2900 1286 2957 lutoroiit

698 2976 728 3028 t'lt
739 2974 819 3028 uerte
832 2978 858 3028 et
871 2973 1007 3028 doctrine.
1029 2971 1109 3028 Unde
1136 2969 1205 3026 dicit
1219 2973 1286 3027 Aii-

698 3047 836 3113 pustiiius,
853 3044 926 3115 quod
944 3043 1017 3170 efud
1035 3044 1122 3099 Derim
1133 3041 1202 3098 nihil
1220 3043 1286 3099 bea·
1310 3059 1312 3062 ⁴

698 3116 755 3172 tius
770 3114 908 3188 Episcopi,
925 3131 957 3171 ie
981 3112 1150 3188 presbyteri,
1162 3119 1211 3170 aiit
1222 3114 1283 3172 dia-

699 3187 762 3244 coni
789 3186 895 3254 olllcio,
911 3185 934 3243 sl
959 3203 992 3243 eo
1021 3186 1105 3242 modo
1133 3185 1282 3257 militetur,

699 3276 754 3331 quo
772 3265 867 3315 nester
882 3262 1037 3331 imperator
1049 3259 1140 3329 jubet.
1154 3259 1210 3315 lste
1225 3273 1282 3315 εει-

700 3348 760 3399 ius,
777 3331 811 3387 de
831 3347 887 3401 quo
911 3331 963 3386 boc
978 3329 1091 3397 dicitnr,
1106 3336 1148 3386 est
1165 3329 1284 3403 quilibet

698 3402 887 3465 Christianus,
901 3401 949 3471 qui
964 3407 1008 3458 est
1022 3402 1202 3474 dispensator
1228 3404 1282 3460 Uo-

700 3475 766 3532 iiiini
778 3478 833 3544 sui,
843 3475 917 3546 quod
933 3473 1083 3545 tripliciter
1095 3473 1212 3546 intelligi
1225 3478 1285 3547 pol·

699 3553 763 3605 est:
787 3564 842 3603 uim
858 3546 942 3603 niodo
963 3545 991 3602 iii
1006 3546 1218 3616 dipensatione
1231 3546 1287 3619 spi·

700 3620 853 3685 ritualium,
875 3619 949 3690 quod
969 3618 1083 3746 profric
1110 3624 1233 3691 pertinet
1251 3617 1289 3675 ad

701 3691 851 3764 praelatiis;
880 3690 936 3746 alio
968 3706 1013 3746 mo
1035 3708 1063 3756 o,
1086 3689 1115 3745 ιιι
1148 3687 1288 3755 reeimiiie

701 3762 913 3835 temporalium,
929 3763 1006 3832 quod
1025 3760 1146 3834 pertinet
1162 3761 1197 3818 ad
1212 3760 1288 3833 prin·

701 3835 778 3907 cipes
794 3833 938 3889 seculares
954 3840 982 3890 et
993 3833 1119 3903 iudicem
1132 3832 1216 3888 tertio
1228 3848 1287 3888 mo-

701 3907 749 3973 do,
765 3908 792 3961 in
807 3907 881 3961 bono
895 3922 948 3962 usu
961 3908 1116 3977 gratiarum
1130 3921 1147 3960 a
1163 3905 1219 3960 Deo
1233 3903 1288 3960 sibi

703 3982 881 4046 collatarum,
897 3983 927 4034 ut
942 3978 1059 4051 quando
1071 3974 1174 4045 aliquis
1188 3974 1218 4031 in
1232 3989 1287 4046 quo
1392 3994 1397 4007 ·

703 4049 776 4106 ratio
802 4066 876 4106 vires
906 4048 1056 4106 interires
1081 4047 1177 4105 debito
1202 4046 1287 4103 modo

704 4122 787 4193 regit,
806 4120 892 4178 iilam
908 4120 1033 4177 virtuose
1052 4119 1215 4190 peragitur
1234 4118 1288 4175 lioc

703 4197 827 4280 pertinet
838 4194 875 4250 ad
886 4192 1076 4277 omncs3ltum
1089 4206 1157 4264 ergo
1173 4189 1286 4247 dicitur:

704 4263 1288 4409 ttttttttttttttttttttttttttt

1168 4434 1195 4482 te
