2820 4928
100 309 133 365 lo
464 310 624 367 sacuznnn
649 310 772 367 alnus
797 311 904 379 clrur
931 312 955 363 u

137 436 151 473 ο
162 417 251 476 Parus
261 436 404 476 raaracrro
415 436 484 475 vira
493 419 681 476 Cumsrraura:

99 504 262 547 ranacario.
277 522 312 533 -
327 493 355 547 Si
371 490 433 562 quis
446 490 532 547 etiam
548 491 606 546 vult
619 494 684 561 post

100 574 146 617 me
160 564 268 631 venire,
279 563 333 618 hoe
346 568 400 631 est,
411 561 434 618 si
448 562 512 633 quis
526 562 586 618 vult
599 568 684 617 attru-

95 645 166 757 pere
189 633 394 704 perfectionem
418 633 483 689 vitre
505 632 683 703 Christianae,

107 709 181 758 aciat
202 720 312 775 eaqure
339 711 505 775 sequuntur,
524 704 681 760 videlicet:

96 773 227 845 Abneget
240 776 424 848 semetipsum
436 781 465 833 et
477 774 559 832 tollat
571 790 683 832 crucem

96 858 190 917 suam,
199 852 228 907 et
240 853 375 919 sequatur
389 864 444 909 me.
457 846 508 907 Ubi
523 846 579 907 tria
593 848 684 921 expri-

97 920 232 987 muntur,
258 918 289 975 in
322 919 425 990 quibus
455 918 590 990 perfectio
618 918 683 975 vitoe

98 987 266 1045 Christianae
285 990 423 1047 consistit.
440 989 565 1047 Primum
580 995 624 1046 est
640 988 683 1047 sui

98 1060 264 1131 abnegatio:
283 1062 437 1118 secundum
454 1066 498 1119 est
515 1060 606 1119 crucis
620 1076 685 1133 por·

98 1130 184 1199 tntio;
202 1133 331 1201 tertium,
346 1132 411 1189 vitae
429 1132 532 1189 Christi
550 1132 682 1190 imitatio.

99 1201 240 1268 Quantum
253 1204 289 1259 ad
303 1203 437 1276 primum,
448 1203 595 1260 sciendum
607 1204 684 1277 quod

99 1274 136 1329 ad
153 1276 328 1347 sequendum
343 1275 484 1334 Christum
503 1280 615 1347 oportet
630 1277 683 1332 ho-

99 1344 205 1403 minem
227 1350 283 1404 tria
302 1349 460 1420 abnegare,
475 1346 603 1404 scilicet:
620 1362 682 1416 sua,

99 1419 254 1475 secuudum
279 1419 349 1476 illud
370 1420 447 1486 :Qut
471 1435 526 1474 aon
542 1421 684 1474 renuntiat

98 1490 223 1545 omatibus
237 1506 297 1559 qua
306 1490 502 1561 possidetnon
510 1494 683 1560 poteatmcus

97 1573 155 1614 esse
177 1560 351 1632 discipulum
381 1565 410 1616 et
429 1575 506 1623 snos,
527 1559 683 1616 secundum

97 1627 237 1687 illud28i
255 1635 318 1701 quis
341 1634 416 1687 uenit
440 1631 477 1686 ud
503 1647 555 1695 me,
579 1635 605 1686 et
628 1648 683 1687 noa

97 1701 156 1757 odit
174 1706 292 1773 patrem,
313 1708 390 1771 etc,
409 1717 463 1757 non
491 1706 581 1773 potest
607 1718 682 1759 οοοοο

97 1787 155 1827 osse
177 1773 351 1846 discipulum
371 1789 404 1830 ac
424 1772 620 1845 semetipsum,
637 1789 681 1829 aa·

96 1843 220 1900 cundum
244 1845 321 1916 quod
340 1844 385 1902 bic
407 1843 511 1901 dicitur
531 1862 538 1900 ι
558 1846 682 1914 Abneget

94 1919 288 1986 temetipsum,
318 1916 425 1973 seilicet
454 1920 623 1973 vetustatem
654 1924 684 1974 et

96 1993 213 2114 ppecata
224 1988 395 2061 abjiciendo,
407 1992 436 2045 et
450 1988 486 2045 ad
494 1988 611 2044 meliora
623 2003 683 2045 mu·

99 2126 106 2140 ,
129 2058 195 2127 ndo,
211 2066 242 2116 ut
263 2059 374 2118 desinat
389 2076 453 2117 esse
472 2059 634 2131 quoderat,
655 2066 683 2117 ot

97 2129 213 2201 incipiat
238 2131 389 2203 essequod
417 2147 475 2187 uon
502 2136 572 2199 erat,
594 2137 622 2188 et
640 2131 681 2188 al-

97 2203 142 2257 tar
155 2217 187 2257 ex
200 2202 289 2259 altero
301 2202 452 2269 et'tlciatur;
465 2218 499 2259 ac
507 2203 682 2260 voluntatem

97 2272 242 2345 propriam
257 2274 434 2345 alrnegando,
452 2275 526 2345 quod
544 2274 607 2346 plus
626 2279 680 2343 ast,

97 2358 184 2413 quam
198 2346 342 2417 abnegare
356 2361 401 2401 res
415 2345 489 2416 ipsas
503 2349 529 2402 at
545 2345 679 2417 abjicere.

95 2415 174 2472 Unde
201 2418 345 2486 Prosper:
367 2436 381 2469 u
403 2416 475 2484 Quid
498 2416 539 2472 eis
564 2417 681 2488 prodest

94 2487 170 2559 quod
198 2488 346 2545 facultates
374 2503 440 2544 suas
463 2488 609 2560 abiiciunt,
632 2488 678 2560 qui

93 2556 254 2615 voluntates
271 2558 402 2631 proprias
423 2559 681 2630 nonrelinquant?

93 2644 156 2685 cum
180 2629 215 2685 sit
233 2631 317 2701 longe
331 2631 513 2703 praestantius
526 2629 679 2688 veluntati-

93 2699 147 2756 bus
160 2702 283 2773 propriis
302 2700 478 2771 renuntiare,
495 2716 579 2773 quam
595 2704 680 2759 rebus

93 2771 299 2844 hujuscemodi.
311 2776 407 2844 ullrgo
426 2771 578 2845 abnegatio
595 2773 680 2831 debet

92 2841 166 2912 llari,
194 2844 327 2902 omnibus
357 2844 507 2902 desideriis
532 2844 624 2901 caruis
651 2849 680 2903 et

94 2914 193 2972 muudi
213 2916 450 2989 concupiscentiis
465 2917 589 2989 perlecto
603 2916 678 2974 relu-

92 2987 207 3057 ctando,
225 2994 254 3045 et
276 2988 306 3045 in
331 2987 412 3045 bonis
435 2989 546 3046 actibus
571 2989 679 3047 nullam

92 3059 327 3131 complacentiam
349 3060 493 3185 propriam
513 3060 556 3116 vel
577 3062 679 3118 burna·

94 3144 161 3185 nam
185 3133 337 3202 captando,
363 3148 393 3186 ae
436 3133 528 3187 solum
551 3131 678 3188 divinum

93 3199 232 3256 honorem
261 3201 291 3257 in
319 3201 451 3257 omnibus
477 3216 541 3271 quae
568 3200 680 3269 agimus

92 3268 278 3339 intendendo,
287 3277 320 3327 ut
333 3271 373 3328 sic
387 3273 526 3329 veraciter
538 3273 680 3343 possimus

93 3340 189 3397 dicero
212 3359 275 3399 curn
298 3341 414 3400 Christo
434 3365 441 3401 ε
465 3341 546 3403 Veni.
570 3358 626 3399 uon
649 3347 680 3401 ut

92 3411 194 3469 taciem
209 3416 385 3471 voluntatem
397 3429 500 3482 meam,
513 3413 563 3471 sed
578 3415 679 3479 volun·

91 3489 178 3542 tatem
195 3485 316 3556 ejusqui
334 3484 410 3541 misit
424 3501 481 3542 me.

127 3561 144 3613 5
159 3558 284 3613 Saeuam
299 3574 444 3613 aaaraerro
458 3574 465 3612 ε
477 3573 569 3612 caucis
581 3574 680 3619 roura·

89 3644 145 3685 τοο.
159 3658 194 3673 -
206 3630 348 3696 erantum
361 3629 397 3684 ad
413 3629 578 3696 secuudum,
589 3629 679 3686 scien·

89 3699 156 3756 dum
176 3699 252 3771 quod
271 3716 384 3756 erucem
404 3700 505 3757 tollere
527 3700 679 3772 tripliciter

88 3776 182 3842 potest
206 3770 336 3843 intelligi,
354 3771 463 3829 scilicet
484 3790 490 3829 :
513 3788 564 3844 per
583 3773 677 3830 carnis

88 3841 679 3915 mortificationemparproximieompas·

88 3912 208 3977 sionem,
235 3930 287 3985 per
311 3916 438 3985 martyrii
463 3915 675 3974 sustinentiam.

88 3985 169 4041 Unde
184 3988 311 4041 lltlurs'uc
327 4009 334 4043 ι
353 4006 366 4037 «
381 3988 549 4057 sequendus
565 3993 609 4043 est
622 3990 676 4043 lio·

90 4055 196 4125 minna,
212 4073 296 4114 eruce
312 4064 460 4129 assumpta
480 4057 565 4116 otiam
584 4059 677 4115 Passi-

89 4126 163 4195 onis,
177 4129 230 4187 etsi
247 4145 303 4186 non
320 4135 407 4199 sorte,
424 4136 519 4186 tamen
533 4129 676 4189 voluntate

89 4198 270 4257 comitandus
290 4206 343 4258 ast.
360 4222 374 4255 ο
392 4204 470 4259 Unda
487 4206 516 4257 et
538 4204 678 4257 Maximus

88 4269 260 4342 Episcopus:
275 4295 289 4323 «
306 4275 365 4329 Duo
381 4272 560 4330 abstinentias
575 4278 604 4329 et
618 4289 679 4329 cru-

740 418 780 473 cis
805 422 870 474 sunt
892 432 999 490 genera
1020 434 1027 472 ε
1051 430 1137 472 uuum
1164 416 1322 489 corporale,

740 488 878 545 sciliceta
896 487 1142 556 delectationibus,
1158 494 1186 543 et
1204 490 1240 545 ab
1260 488 1323 545 aliis

740 576 802 631 quae
824 560 967 632 decipiunt
986 575 1087 616 sensus
1105 560 1224 616 viriliter
1241 577 1322 616 cero·

739 648 815 699 care,
838 638 924 703 atque
944 632 1082 688 violenter
1097 633 1264 688 abstrahere
1296 636 1324 686 et

739 718 889 773 coercere;
909 703 984 760 aliud
1009 702 1164 774 spirituale,
1186 705 1261 774 quod
1281 708 1324 758 est

739 774 898 846 spaciosum
907 774 1216 841 etsublimius,scilicet
1229 781 1323 830 motus

738 845 825 905 animi
840 862 951 929 regere,
962 852 990 903 et
1003 845 1232 921 perturbationes
1247 845 1323 903 iltius

739 917 862 989 placare,
880 924 1000 989 impetus
1019 916 1151 972 vitiorum
1167 918 1322 984 refrenare,

738 988 1323 1060 etcontraeaquotidielitigare,aerixam

739 1060 960 1131 quodammodo,
975 1076 1039 1117 cum
1058 1059 1185 1115 interiori
1208 1060 1323 1115 bomine

739 1147 888 1188 conserere
919 1150 925 1187 :
954 1153 969 1181 ο
996 1132 1057 1187 brec
1086 1134 1237 1186 birtelmus.
1265 1133 1323 1185 lloc

739 1201 825 1259 etiam
841 1204 875 1259 de
888 1219 971 1259 cruce
984 1202 1108 1258 tollenda
1122 1208 1215 1273 potest
1228 1208 1257 1257 et
1270 1201 1322 1257 ali-

738 1282 783 1331 ter
803 1273 904 1347 exponi
924 1273 1085 1357 dupliciter.
1108 1276 1167 1329 Uno
1187 1274 1271 1354 modo
1288 1273 1323 1328 de

739 1361 823 1401 eruca
836 1347 988 1417 corporati,
1002 1354 1030 1401 et
1044 1345 1084 1401 sic
1098 1354 1232 1401 eonverut
1247 1360 1323 1400 mar·

738 1418 857 1488 tyranus,
868 1423 897 1473 et
909 1433 961 1488 per
974 1418 1046 1473 hanc
1062 1432 1172 1472 crucem
1189 1415 1322 1485 intelligi-

738 1494 785 1543 tur
813 1503 896 1543 omua
927 1504 1016 1558 genus
1043 1487 1186 1557 martyrii,
1216 1486 1323 1543 scilicet

738 1557 854 1626 mortis;
878 1564 906 1615 et
925 1558 1075 1629 cujuslibet
1094 1558 1210 1615 alterius
1228 1575 1323 1641 poenae

738 1629 781 1686 rel
805 1628 922 1701 periculi
949 1646 1000 1701 pro
1026 1629 1137 1688 Christo
1165 1629 1322 1687 sustinendi

738 1699 827 1757 enimi
853 1701 970 1757 tentatio
996 1707 1023 1758 at
1047 1701 1226 1773 praeparatio.
1247 1703 1324 1758 Tunc

738 1772 825 1841 enim,
837 1773 991 1829 seeundum
1001 1774 1199 1841 Augustarum,
1208 1788 1322 1829 crucem

737 1847 864 1900 nestram
873 1844 1131 1916 tollimus‚qunndo
1144 1843 1323 1914 poeuetitates

737 1914 878 1987 quaslibet
898 1932 948 1988 pro
967 1917 1078 1974 Christo
1096 1915 1255 1971 voluntarie
1274 1932 1323 1971 as·

738 1986 886 2045 sumimus.
912 1987 973 2044 alio
1001 1987 1085 2044 modo
1114 2004 1147 2043 ex
1169 1987 1264 2043 onitur
1287 1987 1322 2044 de

738 2060 873 2143 martyrio
900 2058 1057 2128 spirituali,
1085 2003 1166 2131 quod)
1190 2060 1323 2115 convenit

736 2129 888 2199 religiosis,
902 2138 931 2187 et
949 2129 1092 2202 perlectis,
1107 2131 1143 2187 de
1164 2147 1220 2201 quo
1244 2146 1322 2186 mar-

736 2200 809 2273 tyrio
829 2201 897 2259 dicit
914 2203 1066 2274 Apostolus
1086 2219 1093 2256 z
1113 2204 1185 2257 Mihi
1203 2202 1322 2257 mundus

736 2276 884 2342 mellinus
903 2279 953 2341 eat,
970 2279 995 2329 et
1014 2290 1062 2342 epo
1087 2275 1198 2341 mundo,
1214 2274 1241 2328 id
1267 2276 1320 2341 est,

736 2346 890 2402 secundum
920 2346 1059 2413 Glossom,
1088 2344 1186 2401 mundi
1215 2360 1321 2400 concu-

735 2414 881 2487 piscentie
900 2432 959 2472 non
983 2417 1089 2473 habeut
1108 2416 1136 2471 in
1158 2432 1203 2472 me
1225 2414 1321 2471 domi·

735 2486 826 2556 nium,
840 2504 892 2545 nec
904 2487 1025 2545 mundus
1034 2488 1094 2559 jam
1109 2486 1178 2543 mihi
1194 2503 1224 2543 so
1239 2485 1320 2556 inge·

735 2560 782 2628 rit,
799 2563 827 2615 et
842 2576 894 2630 ego
907 2567 1006 2616 centra
1018 2576 1083 2615 eum
1100 2575 1162 2615 sum
1178 2559 1269 2613 tortis.
1287 2560 1321 2615 Et

736 2634 802 2687 uota
818 2629 893 2701 quod
911 2646 969 2686 non
992 2630 1053 2686 sine
1068 2647 1153 2686 causa
1168 2636 1321 2710 utrumque

734 2701 814 2770 dixit,
827 2701 933 2758 scilieet
949 2719 956 2757 :
975 2701 1028 2757 sibi
1047 2703 1185 2758 mundum
1205 2701 1321 2757 crurib·

734 2788 810 2841 xum,
826 2778 855 2827 et
869 2788 899 2829 se
921 2774 1036 2829 mundo.
1053 2774 1222 2843 Plerumque
1242 2772 1319 2828 enim

735 2843 884 2915 contingit,
900 2849 930 2899 ut
949 2845 1034 2901 homo
1050 2847 1185 2901 mundum
1204 2860 1261 2899 non
1282 2850 1321 2900 te·

734 2924 811 2984 neat,
826 2916 874 2972 sed
889 2921 984 2972 tamen
1000 2919 1122 2971 mundus
1137 2931 1202 2971 eum
1217 2915 1244 2970 in
1260 2914 1319 2972 suis

734 2986 966 3059 occupationibus
980 2986 1128 3058 astringit;
1147 2992 1174 3042 et
1190 2993 1319 3042 mortuus

734 3062 885 3117 esthemo
908 3059 1032 3129 mundo,
1057 3068 1085 3115 et
1109 3058 1231 3115 mundus
1252 3073 1318 3114 eum

734 3130 813 3202 quasi
833 3131 913 3187 vivus
927 3130 1110 3202 concupiscit,
1127 3132 1193 3187 dum
1213 3128 1243 3185 iu
1262 3128 1318 3185 alio

734 3201 916 3259 internuntia
931 3202 990 3257 suis
1006 3203 1117 3257 actibus
1136 3216 1237 3269 rapere
1251 3216 1319 3256 con·

735 3272 834 3327 tondit.
864 3271 938 3344 Sed,
965 3272 1120 3328 secuudum
1147 3274 1318 3341 arepertum,

735 3359 786 3399 nec
811 3344 915 3399 Paulus
933 3359 951 3399 a
969 3344 1077 3399 mundo
1099 3344 1221 3414 gloriam
1239 3359 1319 3413 ‹pua-

734 3414 825 3481 rehat,
840 3430 892 3471 noc
912 3415 971 3486 ipse
986 3432 1003 3471 a
1018 3416 1115 3471 mundi
1132 3414 1225 3486 gloria
1241 3430 1319 3485 urra-

651 3514 655 3521 -
734 3487 871 3553 rebatur;
887 3484 951 3543 ideo
976 3488 1047 3543 bene
1069 3493 1097 3542 et
1119 3504 1148 3541 se
1168 3488 1275 3541 mundo
1291 3492 1320 3541 et

733 3556 787 3614 sibi
804 3557 939 3615 muudum
954 3575 1014 3616 esso
1029 3558 1194 3615 crucifixum
1210 3557 1319 3627 gloria·

735 3628 826 3686 batur.
848 3631 918 3686 Sunt
945 3636 1041 3686 autem
1069 3630 1123 3685 tria
1142 3628 1171 3684 in
1200 3629 1318 3698 arundo,

733 3715 797 3772 quae
818 3700 901 3758 nobis
919 3702 1023 3759 debent
1047 3717 1109 3757 esse
1130 3699 1273 3767 crucitixa,
1291 3704 1320 3755 at

734 3788 785 3830 nos
799 3772 854 3841 eia;
867 3772 944 3844 quia,
953 3777 981 3829 ut
995 3772 1063 3829 dicit
1075 3775 1200 3831 loannes
1214 3790 1220 3828 ε
1236 3772 1321 3827 Omne

733 3845 807 3915 quod
824 3848 909 3901 catto
926 3847 1039 3913 mundo,
1060 3851 1111 3900 aut
1134 3850 1173 3899 est
1192 3846 1320 3913 coucupi-

732 3920 837 3971 soentic
851 3919 962 3985 earnis,
979 3922 1028 3973 aut
1045 3924 1088 3973 est
1100 3917 1321 3987 concupiscentia

733 3989 948 4057 oculorum„aut
966 3994 1010 4044 est
1023 3989 1153 4059 strperhin
1170 3990 1245 4042 uite.
1266 3988 1321 4041 llo·

734 4075 797 4115 rum
810 4059 896 4115 trium
909 4059 1053 4115 erucillxio
1070 4060 1102 4114 tit
1117 4076 1168 4130 per
1185 4059 1240 4114 trie
1255 4063 1321 4113 rota

735 4129 944 4212 religiosorum.
958 4130 1004 4215 qui
1021 4146 1085 4186 vere
1101 4134 1239 4201 martyres
1255 4136 1321 4209 sunt

735 4201 897 4274 spirituales
911 4219 918 4257 z
930 4217 1054 4274 primum
1070 4218 1137 4273 ergo
1151 4207 1320 4273 martyrium

736 4271 866 4329 censistit
888 4272 918 4329 in
940 4272 1140 4343 temporalium
1161 4271 1321 4329 voluntaria
