2820 4928
382 363 425 417 ΒΕ
451 364 588 419 liuddo
617 363 655 416 ΕΤ
682 363 761 417 ΕΗἙ8
788 364 958 417 calvillo.
1245 366 1289 419 tlt)

60 472 222 543 siderium,
241 473 277 531 ed
293 475 399 543 Deum;
419 474 527 531 clamor
543 473 650 530 etenim
697 473 933 545 tranquillitatem
946 471 1049 529 mentis
1069 473 1212 530 redditam
1228 473 1286 530 dul-

59 543 447 617 magnusmagnumindicat
461 544 648 603 desiderium.
698 544 796 601 cediue
817 561 875 602 suae
898 543 1158 616 contemplationis,
1175 545 1219 602 vel
1245 550 1285 600 te·

60 617 98 672 Et
113 631 182 672 vere
207 616 318 690 eiipedit
341 617 482 690 peccatori
511 617 648 685 clamare,
698 615 1285 687 unitermanilestat.Et,quiainoratione

61 687 133 759 quia
151 687 236 759 longe
250 688 335 746 distat
348 705 365 745 a
376 692 434 747 Deo
446 707 453 745 ε
466 688 648 759 Loaqeeaim
698 694 765 745 ante
782 690 878 745 omnia
903 695 1041 744 aternam
1064 688 1186 759 gloriam
1208 705 1284 759 quae·

64 775 83 813 a
108 761 293 831 peecatoribus
318 763 404 819 salus.
428 763 473 831 Et,
491 761 648 818 secundum
699 776 763 816 rere
782 760 927 827 debemus,
944 764 1021 816 recte
1040 777 1131 816 caecus
1150 759 1247 816 luiiieii
1266 777 1284 815 a

64 833 215 900 flaconem,
228 833 251 888 si
265 832 301 889 ad
316 831 421 903 primas
437 833 590 905 lacrymas,
602 831 647 888 vel
700 829 819 888 Domino
846 831 950 904 petisse
975 832 1074 890 iertur.
1093 835 1125 887 Et
1148 830 1286 913 quoniam

62 917 162 974 preces
179 904 251 960 Deus
267 919 323 960 noii
338 904 463 974 exaudit,
478 905 565 960 homo
583 918 647 976 pre·
699 902 871 974 quicumque
886 920 942 959 non
956 902 1074 974 negligit
1086 911 1237 975 poemtere,
1249 903 1285 958 de

60 989 111 1030 ces
125 972 227 1032 iterare
242 990 298 1031 non
313 976 443 1045 desinat3
458 976 650 1047 magnaeuim
698 974 783 1030 venia
803 991 861 1030 uon
877 975 962 1031 debet
974 974 1139 1046 desperare,
1156 979 1231 1030 recte
1247 973 1289 1030 di-

61 1060 182 1102 munera
205 1053 270 1102 suiit
291 1046 391 1104 multis
415 1047 546 1119 precibus
572 1062 650 1103 com·
699 1045 773 1102 citur
800 1062 807 1102 ι
828 1046 909 1102 Fides
934 1051 983 1101 tua
1006 1051 1031 1101 te
1054 1048 1162 1102 saluam
1185 1049 1287 1115 fecit...

58 1119 199 1189 paranda.
220 1120 318 1190 Neque
337 1119 416 1176 enim
436 1118 532 1176 divina
560 1117 651 1202 pietas
698 1118 875 1187 Quacumque
888 1121 963 1173 caim
986 1119 1054 1173 liora
1078 1122 1205 1190 peccator
1220 1133 1288 1173 vere

60 1188 237 1261 adjutanum
259 1205 323 1247 sese
344 1191 452 1263 petenti
471 1207 506 1247 ne
526 1190 604 1259 abit,
626 1187 651 1245 si
699 1188 864 1261 poeuiteudn
888 1192 1063 1258 ingemuerit,
1090 1194 1115 1244 ct
1140 1204 1286 1245 conamus

59 1258 112 1316 ille
126 1261 236 1317 orando
251 1277 269 1317 a
282 1263 420 1334 petitione
435 1278 493 1318 non
506 1206 650 1319 &eiecerit
697 1263 796 1329 suerit,
812 1263 907 1316 saluas
922 1264 985 1316 erit.
1002 1263 1036 1316 m
1051 1260 1207 1317 secundum
1219 1261 1286 1316 Aa·

58 1334 121 1390 Nee
142 1332 179 1388 de
205 1331 264 1389 suis
284 1332 395 1390 meritis
413 1332 522 1416 aliquid
539 1348 652 1416 praesu-
698 1335 851 1402 qastiaam,
860 1331 883 1387 si
894 1331 1008 1389 iericho
1023 1334 1128 1403 lunam,
1141 1340 1170 1388 et
1184 1332 1221 1388 ob
1231 1332 1285 1388 liae

60 1407 139 1472 mat;
161 1404 211 1460 sed
234 1404 265 1460 in
280 1403 356 1461 illius
371 1404 568 1462 misericordia
581 1420 650 1461 con·
699 1403 903 1460 mortalitatem
913 1403 1129 1486 iuterpretatur,
1146 1402 1287 1474 mortiap·

58 1474 145 1544 fidat,
163 1475 209 1531 cui
236 1491 288 1546 per
319 1476 498 1534 Psalmistam
524 1475 650 1534 dicitur:
698 1475 895 1602 propinquans
922 1477 1059 1532 Dominus
1088 1474 1194 1531 ludaeis
1216 1475 1286 1531 solis

57 1549 93 1603 la
107 1550 162 1602 Deo
173 1549 311 1615 sociemus
331 1551 510 1611 virtutensi
532 1552 592 1621 ipse
613 1546 651 1602 ud
709 1563 795 1604 umen
814 1547 957 1619 Evangelii
976 1548 1102 1619 J'usscral
1119 1545 1284 1620 praedicari,

58 1618 651 1688 ailiilmadedacettribulaatesnoaouan-
699 1634 770 1691 quos
803 1618 976 1691 significavit
1001 1619 1055 1675 isle
1086 1635 1160 1675 unus
1193 1634 1285 1677 caecus

60 1696 120 1747 tam
139 1695 235 1746 aulem
261 1690 486 1749 misericordiam
511 1690 651 1749 Dominus
698 1696 765 1747 aute
780 1691 937 1763 ingressum
956 1690 1070 1748 leriebo
1093 1691 1284 1763 illuminatus,

81 1760 268 1818 (enitentibus
293 1762 435 1832 exhibeat,
460 1764 543 1836 quale
567 1760 649 1819 auxi·
699 1777 783 1834 quem
797 1764 885 1819 Lucas
897 1767 1285 1831 commemorat3amortuis

60 1776 134 1889 Eum
155 1832 349 1905 pugnantibus
372 1840 472 1893 contra
497 1839 649 1908 peccatum
698 1839 793 1890 autem
820 1851 973 1906 resurgens
1001 1840 1086 1961 algae
1116 1835 1286 1910 ascendens,

62 1904 208 1975 praebeat,
235 1911 443 1978 consequenter
475 1907 647 1964 declaratur.
698 1905 841 1977 Evangelii
858 1907 953 1962 lumen
969 1921 1028 1977 prae
1050 1905 1118 1961 icari
1135 1905 1220 1976 jussit
1234 1913 1288 1967 Ju-

65 1974 203 2042 Quienim
214 1975 293 2049 prius
304 1979 446 2035 transibat
456 1986 572 2050 propter
587 1983 648 2033 ten·
698 1977 767 2034 daeis
785 1983 813 2032 et
832 1976 980 2043 Gentibus,
996 1992 1067 2048 quus
1083 1977 1153 2031 duos
1170 1983 1291 2047 populos

67 2045 272 2120 rationesquas
288 2047 608 2120 inorutionepatimur,
624 2045 648 2102 si
699 2047 862 2121 significare
889 2045 1022 2103 videntur
1046 2048 1103 2102 duo
1131 2046 1197 2102 caeei
1226 2062 1291 2125 posi

67 2120 98 2174 iii
117 2117 243 2176 aratione
268 2121 556 2192 perseveraverimus,
568 2117 650 2194 quasi
700 2135 846 2192 egressum
865 2117 979 2175 iericho
995 2116 1160 2186 illuminati,
1175 2117 1210 2173 de
1226 2124 1289 2196 qut.

65 2193 148 2246 stans
161 2206 214 2249 nos
224 2191 259 2248 ad
272 2207 302 2249 se
314 2192 416 2250 adduci
428 2193 521 2265 iubet,
535 2194 649 2267 quando
699 2193 753 2251 bus
772 2192 922 2250 illattbaeus
936 2194 1045 2259 narrat,
1060 2193 1091 2246 ut
1106 2187 1192 2247 inira.

626 2376 756 2434 oacrio

103 2533 345 2609 Obenignissime
360 2538 439 2605 lesu,
455 2553 514 2593 non
560 2552 677 2595 ersonas
700 2536 848 2595 hominum
864 2536 1001 2610 respicis;
1015 2551 1115 2594 omnes
1133 2539 1290 2606 exspectas,

63 2606 199 2677 Creat0r;
215 2606 341 2664 omnium
360 2607 516 2677 misereris,
532 2553 723 2682 lssedemptom
740 2611 874 2666 omnibus
893 2608 1036 2691 indulges,
1067 2608 1205 2688 Salvator.
1222 2605 1289 2686 Quis

59 2677 225 2750 igitur,nisi
241 2694 300 2735 suae
316 2679 416 2736 salutis
437 2679 597 2749 immemor,
614 2680 738 2738 tardabit
758 2681 794 2738 ad
816 2686 844 2738 te
867 2685 1005 2745 converti,
1021 2678 1062 2735 sic
1081 2678 1289 2804 benignissime

58 2754 281 2823 exspectantem,
297 2751 337 2806 sic
361 2752 398 2807 ad
416 2752 520 2809 ostiam
546 2752 718 2825 pulsantem,
734 2760 763 2809 et
782 2751 971 2825 pergratiam
987 2749 1107 2807 introire
1123 2766 1156 2805 vo
1170 2749 1289 2805 entem‘l

59 2824 104 2880 Da
118 2838 200 2895 ergo,
215 2820 335 2879 Domine
350 2823 425 2878 Deus
439 2840 529 2892 meus,
545 2823 614 2880 milii
628 2840 704 2881 caeco
719 2831 748 2880 et
759 2825 875 2892 inisero,
890 2828 921 2880 ut
934 2823 970 2879 ad
984 2828 1013 2879 te
1027 2827 1146 2878 vocatus
1161 2821 1290 2893 aperiam

59 2894 114 2952 tibi
127 2910 177 2951 cor
191 2909 298 2962 menni,
313 2898 459 2966 peecatum
474 2894 540 2952 inde
560 2895 738 2968 expellendo,
756 2900 785 2951 et
806 2899 834 2951 te
858 2893 1046 2966 pergratiam
1067 2892 1244 2966 recipiendo,
1259 2896 1290 2948 ut

61 2965 242 3024 illuminatus
255 2971 284 3022 te
302 2981 408 3037 sequar
421 2983 497 3023 nunc
515 2966 546 3023 iii
561 2967 695 3040 operibus
713 2965 857 3031 virtuosis,
872 2969 901 3021 el
914 2965 1052 3036 posthaec
1068 2964 1103 3021 de
1119 2971 1167 3022 tua
1180 2965 1292 3020 visione

64 3052 178 3109 semper
191 3038 317 3111 gaudere
334 3053 446 3094 merear
458 3036 488 3093 in
502 3038 592 3095 coelis.
607 3040 708 3096 dinen.

540 3365 680 3438 CAPUT
692 3365 800 3445 XXlll

422 3589 461 3634 DE
476 3589 599 3638 ZACHAEO
623 3588 662 3634 ΕΤ
685 3587 757 3636 atus
778 3588 926 3636 continu.

550 3742 632 3799 Lucae
651 3756 713 3814 cap.
734 3742 804 3799 lllll.

105 3933 115 3968 i
133 3911 302 3968 Desinemus
326 3912 432 3967 Ziciiai
446 3927 556 3980 vineuni
571 3911 656 3967 Doiii-
710 3910 760 3968 sed
776 3911 984 3985 perambulavit
995 3912 1024 3970 iii
1039 3929 1090 3970 sua
1105 3909 1251 3970 Passione,
1262 3922 1296 3962 ex

67 4000 135 4039 nav.
148 4013 186 4026 -
199 3985 236 4039 m
250 3982 363 4053 deiude,
375 3982 474 4039 eadem
489 3981 546 4052 die,
563 3982 657 4040 Domi·
709 3999 765 4112 :lua
790 3984 1035 4056 perambulatione
1059 3985 1132 4039 lacta
1155 3984 1200 4035 est
1218 3976 1296 4033 salus

68 4069 124 4111 nus
139 4056 224 4111 lesus
246 4054 339 4126 ipsam
365 4056 465 4111 urbem
488 4057 595 4111 Jericltn
610 4057 654 4111 in·
729 4058 806 4112 omui
830 4055 972 4113 Ecclesiae.
990 4052 1110 4111 blundus
1125 4054 1165 4104 est
1181 4063 1294 4120 peram-

66 4141 180 4195 pressas
190 4127 403 4197 perambulabat
416 4142 490 4195 eain,
501 4128 586 4184 turba
597 4142 656 4182 non
709 4127 858 4198 bulandus,
874 4127 941 4199 quia
955 4142 1006 4199 per
1018 4138 1083 4179 eum
1100 4125 1144 4177 est
1158 4117 1295 4200 citissime

70 4196 185 4254 modica
210 4197 341 4270 stipatus.
373 4197 486 4255 iericho
514 4197 657 4271 significat
709 4191 1294 4266 transeundum,etnullomodoperinor-

69 4267 221 4341 mundum,
237 4285 322 4342 quem
339 4269 457 4326 intravit
471 4271 500 4325 in
521 4272 656 4326 lucarna-
709 4270 839 4328 dinatum
858 4282 987 4326 amorem
999 4262 1238 4346 velalleetiunem
1250 4267 1293 4319 est

66 4340 158 4408 tione,
171 4340 328 4401 ambulavit
351 4356 405 4400 sua
427 4338 655 4411 conversatione,
709 4341 748 4400 ibi
771 4341 942 4411 sistendum,
960 4336 1004 4394 vel
1030 4352 1056 4393 ei
1075 4336 1291 4405 inherendum
