2820 4928
484 370 637 424 stitutum*
665 368 785 424 mittis
811 370 916 423 tutti
945 364 1007 422 ,iix

684 548 812 605 onitin

167 699 285 757 [turmine
303 701 369 757 lesu
384 698 504 761 Christe.
519 696 614 771 magni
641 693 750 753 consilii
763 694 881 767 Angeia,
903 694 951 765 qui
972 692 1129 776 concilium
1145 693 1355 776 malignantium

128 777 227 830 eontra
241 775 269 828 te
294 771 357 827 lteri
372 769 536 842 permisisti,
551 786 604 826 uec
617 767 673 824 illis
687 767 819 824 resistere
832 782 885 849 per
898 771 1066 838 potentiani,
1084 766 1137 822 sed
1151 782 1252 837 magus
1267 767 1355 825 cedere

130 861 181 917 per
200 842 365 915 patientiam
380 843 504 910 voluisti,
520 858 556 898 ne
574 839 756 911 derelinquas
771 855 816 895 me
832 844 983 894 inerraute
998 837 1121 911 iudicio,
1138 844 1192 895 ant
1206 840 1291 895 noxio
1304 855 1357 895 sou

129 916 192 973 silio
205 916 261 972 mei
275 913 385 972 arbritii
400 914 443 970 vel
457 913 614 982 hominum,
632 927 724 983 neque
739 910 770 967 in
788 915 927 982 potestate
942 914 991 967 aut
1004 908 1170 967 tentatione
1186 911 1355 977 daemonum

129 989 179 1045 sed
193 992 223 1045 tn
238 986 297 1059 ipse
311 987 467 1043 elementer
483 1002 527 1042 me
541 985 618 1041 intus
634 989 662 1040 et
674 982 740 1039 toris
754 983 873 1056 dispone
889 987 919 1039 et
931 998 1008 1054 rege,
1024 997 1058 1037 ac
1072 980 1171 1053 dirige
1186 981 1219 1038 in
1235 981 1309 1040 riam
1322 998 1356 1038 sa-

129 1059 196 1117 lutis
210 1063 335 1116 ateruae.
351 1060 392 1115 Da
406 1056 486 1127 mihi,
501 1056 630 1125 Domine,
642 1061 673 1113 ut
687 1054 824 1128 quidquid
837 1060 992 1111 contremo
1003 1052 1159 1110 diabolicae
1174 1058 1229 1110 aut
1239 1054 1358 1111 humane

130 1131 286 1189 moliuntur
299 1129 495 1199 adversitates,
519 1128 687 1202 redigantur
702 1126 738 1184 ad
753 1126 884 1193 nihilum,
902 1133 932 1182 ut
958 1126 1064 1181 illaesus
1092 1131 1122 1183 et
1139 1125 1181 1183 de
1202 1126 1286 1183 omui
1298 1126 1358 1200 peri·

130 1203 194 1261 culo
209 1207 333 1277 ereptus,
353 1203 435 1261 latus
450 1201 501 1260 tibi
517 1202 639 1259 reseram
654 1198 810 1271 gratiarum
824 1198 964 1257 actiones.
979 1199 1084 1255 llmen.

611 1507 748 1583 CAPUT
765 1506 845 1582 xlx

424 1716 462 1759 lili
479 1715 577 1761 DECEM
598 1716 736 1763 neruosis
755 1718 776 1762 A
796 1715 909 1763 nonullo
921 1715 1059 1762 sumum.

618 1891 700 1945 Luca
719 1902 780 1961 rap.
802 1888 886 1944 xvii.

171 2088 180 2121 ι
207 2066 341 2120 liniturus
370 2079 419 2119 suo
451 2077 572 2117 assumo
592 2077 717 2123 nuurron

135 2153 265 2195 tunsurus
277 2151 442 2191 ciromines
452 2150 503 2188 nos
517 2149 611 2187 uocsu.
623 2135 717 2188 -Fe-

132 2216 205 2267 utum
220 2211 259 2261 est
274 2212 376 2270 uuum,
388 2205 453 2258 dum
479 2204 677 2274 complerentur
689 2208 718 2259 et

134 2278 401 2361 appropinquarent
429 2274 488 2328 dies
521 2277 719 2346 assumptionis

133 2367 194 2420 epus
219 2344 332 2403 Domini
342 2347 422 2413 lesu,
435 2343 464 2400 id
474 2349 515 2400 est
530 2361 548 2400 a
561 2345 667 2401 mundo
682 2346 717 2401 acl

134 2424 259 2486 Patrem,
281 2433 333 2488 per
355 2417 521 2472 Passionem
540 2422 568 2473 et
584 2426 716 2481 mortem,

130 2508 188 2549 nou
204 2487 330 2558 divertit,
346 2488 395 2544 sed
406 2490 529 2558 fimnuuit
542 2491 602 2560 ipse
617 2491 717 2555 lactem

128 2581 217 2632 suum,
240 2559 268 2617 id
299 2566 343 2616 est
360 2560 554 2616 uoluntatem:
569 2576 635 2617 nam
666 2576 718 2633 per

131 2634 233 2693 laciem
250 2630 418 2703 designatur
431 2629 519 2687 animi
532 2631 674 2701 voluutas,
688 2631 717 2687 iu

132 2706 225 2763 locum
251 2702 406 2771 Passionis,
426 2708 455 2758 et
468 2708 499 2759 ui
524 2705 578 2758 iret
593 2707 624 2759 in
638 2706 716 2759 Jeru-

131 2779 230 2847 salem,
252 2773 387 2845 qnoniam
403 2772 443 2831 ibi
451 2774 600 2845 oportebat
618 2790 717 2831 verum

130 2852 153 2908 A
176 2865 242 2907 uum
256 2844 409 2916 immolari,
422 2844 469 2902 ulii
482 2845 611 2918 figuralis
624 2862 716 2917 agnus

127 2867 238 2980 soiebat
254 2918 361 2976 ollerri.
379 2919 612 2991 assumptionem
633 2921 712 2987 lesu,

131 2994 201 3053 dixit
227 2996 325 3061 Lucas,
355 3006 412 3047 uon
441 2990 533 3048 solum
559 2990 716 3048 secuudum

132 3071 244 3139 tempus
259 3081 315 3136 quo
329 3062 437 3120 assumi
450 3064 572 3120 debebat
585 3078 637 3135 per
651 3064 718 3119 Pas·

130 3138 250 3206 sionem,
271 3136 307 3193 de
322 3135 376 3191 hoc
404 3135 509 3192 mundo
525 3135 562 3192 ad
587 3138 713 3205 Patrem,

131 3208 197 3280 quia
212 3209 332 3279 oportuit
358 3209 420 3277 poti
444 3206 596 3271 Christum,
625 3211 651 3262 et
675 3209 717 3262 itu

130 3282 236 3335 intrare
249 3283 277 3333 in
292 3280 411 3347 pluriam
438 3292 536 3343 suum3
553 3277 604 3332 sed
628 3279 716 3334 etiam

130 3350 287 3407 secuudum
313 3352 487 3419 praeceptum
509 3347 545 3404 de
564 3364 638 3417 agno
665 3365 715 3419 pa·

132 3419 232 3488 sehali,
251 3420 298 3491 qui
313 3416 423 3474 decimo
442 3417 488 3474 die
513 3418 618 3475 mensis
632 3420 717 3491 primi

132 3490 333 3549 assumebatur
345 3489 380 3545 de
392 3505 489 3560 grege,
503 3496 531 3546 et
547 3492 584 3548 ad
600 3491 716 3548 domum

131 3561 308 3619 inserebatur
329 3565 358 3617 et
382 3562 548 3619 servabatur
575 3564 717 3635 usquead

131 3648 280 3707 uesperam
299 3631 498 3704 quartidecimi
517 3633 571 3691 diei
587 3651 595 3704 ς
610 3639 637 3690 et
649 3639 716 3691 trino

131 3704 342 3764 immolabatur.
368 3706 399 3777 ln
413 3704 489 3760 huuc
504 3707 619 3763 modum
635 3706 715 3764 Chri-

131 3786 192 3836 stus
205 3777 316 3834 decima
334 3776 391 3847 die,
420 3776 449 3833 id
476 3783 520 3833 est
539 3779 626 3835 ramis
652 3779 715 3835 Pal-

132 3865 256 3920 nunrnm,
276 3851 354 3906 venit
377 3848 413 3905 ud
442 3848 536 3906 locuni
560 3849 715 3920 Passionis,

130 3922 238 3980 scillcet
256 3921 287 3978 iu
300 3921 470 3990 Jerusalem,
500 3921 548 3977 ubi
570 3926 716 3993 tamquam

130 4012 215 4052 verus
235 3995 335 4067 Agnus
348 3998 411 4050 erat
437 4008 489 4064 pro
510 3992 593 4049 nohis
614 3993 715 4049 immo·

132 4067 249 4135 laudus;
260 4065 419 4138 mansitque
429 4063 469 4121 ini
482 4069 511 4122 et
520 4064 606 4132 eirca,
618 4080 717 4136 nsque·

131 4139 198 4197 dum
212 4154 314 4212 passus
327 4145 380 4203 est,
396 4145 428 4195 ut
443 4135 483 4193 sic
497 4139 603 4194 veritas
617 4135 716 4208 figurae

132 4212 329 4283 responderet.
347 4213 386 4268 Ex
400 4225 457 4283 quo
468 4214 546 4282 patet
559 4207 637 4279 quod
648 4213 718 4290 tem:

131 4298 185 4411 Bus
208 4299 267 4340 snae
305 4283 448 4340 Passionis
478 4279 609 4355 praevidit
636 4295 716 4353 quasi

157 4368 219 4424 eus,
236 4359 266 4411 et
279 4354 354 4427 quod
374 4358 531 4425 spontaneo
547 4368 604 4409 non
619 4357 717 4411 coacte

776 2066 819 2116 est
832 2074 949 2129 passus;
965 2057 1041 2114 uude
1123 2061 1204 2128 uuit,
1215 2058 1246 2116 id
1259 2065 1362 2135 estnon

774 2129 876 2187 leviter
897 2128 996 2198 uoluit,
1017 2145 1047 2186 se
1094 2130 1230 2188 tirmiter
1249 2138 1279 2189 et
1302 2146 1362 2187 con·

774 2207 883 2259 stanter
898 2202 1047 2272 disposuit,
1070 2206 1102 2257 ut
1119 2205 1182 2258 iret
1206 2206 1238 2259 in
1264 2206 1360 2260 lm·

775 2276 836 2344 lem,
869 2274 906 2331 ad
935 2272 1138 2330 sustinendum
1178 2280 1310 2343 morien,
1332 2275 1357 2329 ul

773 2347 936 2404 ostenderet
966 2361 997 2401 se
1024 2349 1145 2417 sponte*
1161 2362 1308 2418 passurum
1327 2348 1353 2399 el

773 2434 824 2475 suo
842 2417 971 2491 exemplo
993 2416 1153 2488 discipulos
1169 2418 1307 2476 animaret
1320 2414 1350 2471 ud

773 2489 950 2548 Passionem.
968 2490 1013 2545 Sie
1028 2492 1055 2543 et
1070 2493 1111 2553 tu,
1128 2505 1225 2548 omne
1240 2488 1354 2564 opusln

772 2578 841 2618 uum
865 2562 966 2618 surmus
994 2567 1023 2616 et
1041 2558 1159 2617 stabilis
1175 2564 1270 2621 debes
1293 2576 1358 2619 assu

773 2649 862 2701 utere,
879 2650 932 2690 noe
947 2637 1063 2705 propter
1077 2634 1267 2692 tentationes
1286 2634 1320 2691 ali
1331 2648 1360 2689 eo

773 2704 926 2761 dimittere.
938 2706 1065 2760 Instante
1073 2719 1146 2774 ergo
1157 2712 1294 2779 tempore
1305 2706 1361 2761 Pas

773 2774 872 2841 sionis,
887 2792 944 2847 quo
970 2775 1240 2847 transmigraturus
1259 2784 1320 2837 erat
1331 2776 1361 2833 de

773 2847 880 2903 mundo
908 2848 945 2902 ad
968 2848 1092 2916 Patrem,
1109 2854 1240 2919 praestat
1256 2851 1361 2907 dorsum

772 2918 907 2987 Galilaeae,
922 2924 951 2975 et
964 2918 1066 2975 faciem
1075 2920 1104 2974 iu
1118 2919 1292 2980 Jerusalem
1305 2936 1360 2978 cou-

771 2990 867 3060 vertit,
898 3006 931 3046 ae
961 2991 1087 3059 firmata,
1109 2995 1141 3047 et
1168 2990 1359 3065 imperterrita

773 3068 880 3131 mente,
893 3062 986 3119 locum
1001 3078 1056 3133 quo
1066 3061 1127 3134 pati
1142 3063 1360 3137 decreveratque·

772 3135 816 3193 tit.
830 3136 892 3191 Nou
902 3133 958 3190 hue
969 3133 1069 3191 etitluc
1082 3134 1157 3201 ibat,
1173 3138 1231 3195 sed
1242 3136 1358 3194 iterrer·

772 3223 820 3264 sus
836 3207 993 3264 Jerusalem
1004 3207 1131 3262 tenebat.
1144 3208 1243 3279 Unde,
1255 3208 1304 3281 qui
1317 3224 1356 3264 su·

771 3279 869 3353 perins
890 3278 995 3361 pluries
1018 3277 1162 3345 excitavit,
1183 3288 1216 3338 et
1238 3284 1357 3339 liortatus

772 3358 814 3408 est
827 3350 983 3421 discipulos
997 3354 1025 3406 et
1039 3349 1110 3406 alios
1126 3350 1165 3407 ad
1179 3352 1355 3425 martyrium,

772 3428 801 3481 et
820 3422 857 3479 ad
873 3422 918 3479 sui
932 3421 1090 3494 sequelam,
1110 3423 1202 3479 verbo
1223 3443 1232 3495 ;
1250 3425 1296 3481 liic
1310 3424 1356 3479 huc

772 3494 848 3552 idem
863 3495 930 3553 lacit
949 3495 1034 3563 lucto,
1060 3510 1108 3552 eos
1130 3498 1285 3569 tamquam
1308 3496 1356 3551 lla·

793 3566 861 3623 'ster
875 3570 905 3624 et
918 3568 1019 3623 ductor
1038 3565 1220 3638 praecedeus,
1238 3572 1267 3623 et
1282 3562 1354 3639 quasi

783 3646 846 3695 aeto
862 3655 924 3709 suo,
941 3638 1060 3696 diceus:
1081 3640 1114 3696 Si
1128 3642 1194 3709 quis
1218 3642 1282 3696 ruli
1297 3640 1355 3711 posi

771 3726 813 3764 mc
831 3713 934 3779 uenire,
964 3711 1078 3779 obnepet
1105 3715 1308 3785 semetipsum
1332 3712 1354 3763 et

773 3783 853 3837 tollat
867 3798 973 3838 crucem
995 3799 1085 3846 mum,
1105 3786 1132 3837 et
1156 3790 1295 3855 sequntur
1307 3796 1353 3837 ne.

770 3853 1022 3925 appropinquante
1050 3870 1119 3926 ergo
1139 3860 1273 3927 tempore
1295 3855 1355 3911 Pas·

772 3924 860 3981 sionis
871 3941 940 3988 suae,
956 3925 1094 3982 Dominus
1114 3927 1208 3994 lesus,
1225 3927 1275 4000 qui
1294 3924 1353 3999 plu-

771 3999 828 4053 ries
856 3996 980 4067 fugerat,
1000 3996 1100 4071 incipit
1131 4004 1250 4057 reverti.
1281 3997 1355 4055 Sictrt

772 4068 846 4125 enim
862 4066 892 4124 iu
907 4069 1102 4140 superioribus
1119 4070 1157 4125 ad
1174 4076 1305 4129 nostram
1319 4071 1356 4125 iu·

772 4140 958 4197 structionem
1000 4158 1071 4198 usus
1107 4144 1150 4198 est
1190 4140 1355 4216 prudentia,

772 4213 925 4269 osteudens
937 4213 1015 4284 quod
1033 4230 1085 4286 pro
1098 4214 1162 4271 loco
1185 4220 1216 4271 et
1230 4222 1355 4287 tempore

772 4283 898 4340 lurorem
915 4287 1154 4366 persequentium
1173 4294 1259 4344 caute
1271 4288 1355 4345 debe·

773 4371 835 4411 mus
849 4354 1015 4422 deeluuare3
1039 4356 1080 4416 ita
1099 4374 1174 4415 niune
1195 4359 1290 4417 utitur
1307 4360 1357 4417 lor
