2820 4928
415 364 456 417 llll
481 362 620 417 ZAGHAEO
648 367 688 421 tr
714 366 793 420 ltus
819 365 993 419 coavivio.
1283 368 1324 424 tlt

91 464 193 526 ironle
214 467 294 526 illam
314 469 395 541 ligat,
408 467 456 526 ubi
470 467 552 525 sedes
564 470 683 543 pudoris

91 546 148 601 est.
166 541 221 611 lbi,
237 541 353 598 omnino
369 540 417 610 ibi,
432 539 461 596 in
478 556 536 612 quo
550 543 682 599 membro

92 612 296 681 erubescitur,
325 612 361 669 lbi
388 613 491 684 ligatur
519 613 595 670 unde
623 630 682 670 non

95 687 292 742 erubescatur.
315 687 396 755 Puto,
416 683 482 756 quia
504 682 610 742 irrides
636 702 681 757 sy-

99 773 262 823 comorum·
287 756 385 828 etipsa
398 772 444 814 me
467 756 562 813 eilecit
584 756 682 814 ridere

96 832 207 898 lesum,
226 834 291 885 eta:
310 829 400 889 oliae
417 830 604 897 Augustinus.
616 829 681 897 Qui·

96 917 220 973 cumque
233 900 316 957 ctiam
327 899 622 973 humiliaturproptcr
636 904 682 959 le·

94 989 171 1040 sum,
185 972 230 1028 liic
248 970 409 1029 infatuatur
421 973 502 1045 juxta
521 972 660 1029 mnndum
673 1010 686 1042 ,·

92 1045 143 1116 qui
157 1045 234 1101 solus
244 1048 340 1101 lamen
355 1044 468 1116 sapiens
480 1048 534 1113 est,
546 1043 682 1117 quonlam

88 1117 168 1199 quod
184 1115 305 1172 stultum
318 1123 363 1173 est
374 1114 551 1185 homiuibus,
568 1116 682 1198 sapien·

87 1195 133 1246 tia
147 1197 191 1245 est
206 1187 256 1245 Dei
273 1205 281 1255 ;
299 1187 389 1244 ethic
408 1186 563 1245 Dominum
585 1188 683 1244 ridere

88 1266 235 1318 meretur.
251 1260 333 1316 Unde
348 1261 497 1328 Gregorius
513 1276 521 1315 ι
535 1278 550 1312 «
562 1258 591 1316 Si
605 1275 685 1316 rera-

88 1332 168 1389 citer
181 1330 327 1402 sapientes
340 1347 414 1398 esse,
430 1336 515 1402 atque
534 1330 625 1403 ipsam
639 1348 683 1387 sa·

88 1403 236 1477 pientiam
249 1402 684 1474 contemplariappetimusstul·

90 1483 139 1533 tos
154 1491 209 1530 nos
221 1472 574 1547 humiliteragnoscamus.
590 1474 683 1531 llclin·

87 1545 682 1619 quamtisuosiamsapientiam,discamus

90 1617 269 1677 laudabilem
297 1617 467 1674 latuitatem.
488 1618 559 1673 lline
583 1620 683 1674 Eran-

89 1690 190 1759 gelicae
206 1689 336 1746 historice
347 1690 434 1746 rerba
446 1694 596 1760 testantur,
613 1690 684 1761 quia

90 1758 236 1827 zachaeus,
251 1776 314 1817 cuin
330 1760 425 1817 ridere
440 1777 499 1832 prae
512 1762 596 1818 turba
610 1761 682 1818 nibil

93 1839 201 1908 posset,
223 1832 367 1904 sycomori
387 1833 520 1890 arborem
541 1833 682 1901 ascendit,

96 1912 129 1962 ut
142 1910 336 1962 transeuntem
356 1904 510 1962 [lominum
531 1911 679 1962 cerneret.

95 1979 263 2050 Sycomorus
274 1978 379 2049 quippe
393 1976 463 2032 ilcus
479 1976 557 2033 latua
567 1976 681 2033 dicitur.

98 2048 222 2105 Pusillus
237 2048 332 2119 itaque
346 2048 483 2105 Zachaeus
500 2063 682 2120 sycomorum

96 2119 196 2187 subiit,
216 2125 244 2177 et
260 2119 413 2176 [lominum
428 2118 499 2175 vidit
515 2138 521 2177 :
537 2121 615 2192 quia,
634 2118 682 2191 qui

95 2191 196 2249 mundi
219 2192 370 2249 stultitiam
392 2191 539 2248 humiliter
560 2191 681 2263 eligunt,

95 2263 149 2337 ipsi
163 2261 215 2320 Dei
242 2263 413 2336 sapientiam
433 2264 594 2320 sublimiter
614 2279 682 2319 con-

92 2337 279 2408 templantur.
314 2334 581 2392 Pusillanimitatem
604 2349 682 2391 nam·

91 2424 148 2481 que
160 2413 290 2464 nostram
305 2407 342 2463 ad
352 2406 505 2463 videndum
518 2409 605 2463 Deum
616 2412 683 2463 tur-

98 2481 137 2536 ba
151 2478 302 2552 praepedit,
329 2478 463 2551 quoniam
486 2478 684 2534 infirmitatem

93 2552 229 2609 humanm
244 2549 358 2621 mentis,
373 2566 408 2606 ne
428 2549 483 2606 luci
503 2549 683 2606 ueritatisin-

95 2623 206 2692 tendat‚
217 2638 349 2679 curarum
362 2621 485 2678 seculari
495 2622 683 2678 tumumultus

92 2695 210 2768 premit.
239 2694 294 2751 Sed
320 2694 474 2766 prudenter
503 2708 683 2765 sycomorum

90 2766 287 2835 ascendimus,
303 2770 326 2823 si
340 2764 459 2838 provide
477 2781 540 2822 eam
556 2781 619 2837 quae
633 2764 683 2820 di-

89 2836 682 2911 sinituspraecipiturslultitiamtenemus.

90 2910 168 2980 Quid
185 2910 262 2968 enim
286 2909 316 2966 in
342 2910 396 2966 hoc
425 2909 533 2965 mundo
557 2908 683 2977 stultius,

93 2997 185 3055 quam
203 2981 308 3040 amissa
325 2996 382 3037 non
398 2997 538 3052 quarere,
552 2994 685 3054 possessa

96 3053 275 3124 rapientibus
288 3054 427 3120 relaxare,
444 3053 550 3109 nullam
571 3068 622 3123 pro
638 3067 684 3107 ac-

98 3123 193 3195 ceptis
209 3123 316 3197 injuriis
330 3124 465 3196 injuriam
481 3124 612 3191 reddere,
627 3122 684 3180 imo

96 3194 687 3279 eladjunclisaliispatientiampraebere?

95 3270 186 3337 Quasi
203 3268 278 3326 enim
296 3284 476 3342 sycomorum
495 3271 686 3338 nosmetipsos

94 3342 254 3398 ascendere
281 3339 421 3398 [lominus
450 3339 591 3412 praecipit,
621 3354 685 3395 cum

78 3413 168 3470 ·dicit
183 3429 192 3468 ε
218 3415 273 3481 Qui
287 3415 381 3481 aufert
396 3429 456 3483 quas
484 3419 533 3468 tuo
561 3415 639 3480 sunt,
652 3427 687 3466 ne

90 3490 214 3556 repetas.
235 3487 268 3540 Et
285 3500 401 3541 rursum
422 3485 480 3542 :Sl
498 3486 561 3555 quis
580 3488 605 3540 te
620 3499 685 3555 pcr-

91 3559 257 3613 cesseritis
273 3557 417 3613 dexteram
433 3558 580 3612 masiliam
597 3560 684 3626 tuam,

89 3629 188 3757 graie
198 3630 244 3684 illi
256 3634 282 3685 et
295 3631 421 3684 alteram.
436 3629 491 3685 Por
505 3642 686 3700 sycomorum

119 3698 239 3756 ominus
269 3699 414 3757 transiens
443 3700 587 3769 cernitur,
619 3698 686 3771 quia

91 3788 148 3845 per
175 3772 250 3829 hanc
272 3772 431 3845 sapientem
454 3771 613 3842 stultitiam,
632 3770 686 3827 etsi

94 3844 205 3900 nedum
220 3842 311 3901 solide
330 3850 362 3901 ut
377 3848 420 3900 ost
439 3843 510 3915 jam,
525 3847 620 3899 tamen
636 3859 686 3914 per

95 3915 350 3988 contemplationis
372 3915 480 3984 lumen,
493 3914 543 3972 [tel
562 3913 685 3998 Sapien-

97 3986 139 4043 tia
171 3987 233 4044 uasi
245 3986 274 4044 in
290 3987 410 4045 transitu
422 3987 543 4044 videtur.
555 3988 606 4055 Qui
618 4003 685 4044 vero

96 4058 128 4115 iu
140 4002 217 4116 elata
233 4058 268 4116 ad
284 4059 514 4133 conspiciendum
530 4061 618 4116 Deum
633 4059 685 4115 ad·

96 4132 153 4187 buc
177 4131 384 4203 cogitationum
404 4146 521 4189 suarum
537 4131 623 4188 turba
636 4130 688 4186 dc·

97 4203 234 4285 prehensi
246 4209 323 4273 sunt,
332 4203 473 4277 sycomori
484 4204 619 4260 arborem
630 4214 687 4256 non

96 4280 284 4332 invenerunt:
300 4296 314 4328 n
323 4277 384 4333 baec
398 4277 556 4345 Gregorius.
569 4272 649 4331 l'nde
659 4278 688 4327 el

100 4348 295 4419 Theophilus:
313 4367 327 4399 «
348 4349 402 4405 Sed
423 4346 505 4403 lacile
525 4346 581 4403 boc
592 4350 635 4401 est
651 4342 687 4399 ad

736 471 872 528 moralem
884 469 1034 527 utilitatem
1045 475 1223 543 retorquere.
1240 472 1321 541 Quis·

736 543 800 614 qciis
825 542 902 599 enim
921 542 1051 614 pluribus
1075 542 1105 599 in
1124 544 1233 601 malitia
1246 562 1322 672 prae·

736 621 789 684 est,
810 631 913 687 parvus
932 620 974 671 est
1000 620 1108 671 statura
1125 615 1244 688 spiritua
1259 620 1276 684 i,
1295 624 1323 676 ot

736 704 793 743 non
810 691 901 759 polest
922 686 1017 742 vidore
1036 689 1132 744 lesum
1152 704 1210 815 ssrae
1226 691 1321 748 turba.

735 760 805 815 Nam
822 758 972 830 perplexus
991 758 1147 830 apassioni
1171 777 1204 816 us
1228 766 1255 816 et
1276 777 1322 818 se·

736 829 881 886 coloribus
905 831 1000 894 rebus,
1024 847 1080 886 non
1101 830 1202 902 aspicit
1223 835 1325 890 lesum

735 902 942 971 ambulantem,
963 900 993 958 id
1008 907 1049 959 est
1065 902 1094 958 in
1107 902 1190 960 nobis
1204 919 1326 976 operan-

737 981 805 1042 tem,
822 973 931 1029 nullum
953 989 1025 1045 opus
1048 975 1111 1045 ejus
1135 991 1323 1045 cognoscens.

735 1045 872 1102 Ascendit
895 1052 992 1102 autem
1019 1062 1104 1116 super
1131 1062 1323 1120 sycomorum,

737 1116 766 1173 id
781 1122 825 1173 est
849 1132 936 1189 super
959 1117 1113 1189 voluptatis
1128 1118 1325 1190 dulcedinem,

737 1205 800 1261 qnae
827 1187 1007 1258 significatur
1034 1205 1086 1260 per
1111 1190 1197 1246 ileum
1226 1191 1326 1261 depri-

737 1276 819 1317 mens
838 1276 921 1327 eam3
944 1264 973 1316 el
1001 1259 1041 1315 sic
1065 1261 1213 1318 sublimior
1234 1262 1327 1319 lactus

737 1332 823 1397 ridel,
839 1337 868 1388 et
883 1331 995 1387 videtur
1009 1347 1026 1387 a
1040 1333 1163 1388 Christo.
1186 1356 1200 1383 »

773 1405 862 1460 alten
878 1420 1038 1460 srcoitoncs
1063 1421 1162 1459 rorusr
1188 1421 1268 1461 musi
1285 1422 1326 1461 ns·

737 1493 842 1531 rennici
868 1492 967 1533 srarcs
993 1493 1202 1533 seniciosonur.
1222 1478 1328 1534 -Per

737 1563 916 1619 sycomorum
926 1547 1109 1619 etiampolcst
1123 1548 1242 1617 intelligi
1262 1548 1328 1605 reli·

737 1621 795 1691 gio,
808 1619 885 1691 quia,
907 1626 938 1676 ut
952 1620 1120 1690 dictumest,
1140 1619 1231 1676 bertini
1242 1637 1326 1692 syco-

738 1707 849 1747 morum
864 1691 967 1748 celsam
982 1692 1130 1748 nominant
1145 1709 1152 1761 ;
1168 1698 1211 1749 cst
1247 1692 1324 1749 enlm

737 1762 883 1834 procerior
907 1769 935 1820 et
958 1763 1043 1820 altior
1068 1780 1160 1832 moro,
1186 1770 1214 1820 et
1237 1765 1322 1821 habel

738 1836 845 1890 irmftus
870 1836 1031 1903 subduces,
1047 1835 1096 1917 qni
1116 1850 1271 1907 numquam
1286 1835 1324 1893 ad

737 1906 929 1962 maturitatem
947 1910 1126 1977 perveniunt.
1159 1907 1205 1964 Sic
1232 1913 1324 1963 status

738 1977 885 2047 religionis
896 1981 938 2032 esl
951 1976 1034 2033 altior
1044 1982 1073 2034 et
1087 1978 1241 2049 procerior,
1258 1978 1326 2048 quia

738 2048 768 2104 in
788 2048 1036 2118 cointemplatione
1059 2048 1198 2114 consistit,
1216 2056 1244 2104 et
1269 2054 1326 2104 sta·

740 2126 800 2175 turn
816 2117 916 2175 mundi
930 2118 1116 2175 transcendit.
1135 2120 1225 2176 ilabet
1240 2119 1327 2175 etiam

738 2190 1253 2256 tructussubdulces,lructusscilicct
1264 2192 1327 2248 abs

738 2263 934 2332 tinentiarum,
951 2261 1123 2333 vigiliarum,
1136 2262 1325 2335 jejuniorum,

737 2339 765 2392 ct
789 2335 984 2407 hujuscemodi
998 2353 1005 2403 ;
1021 2335 1069 2406 qui
1085 2334 1151 2391 licet
1167 2336 1201 2392 de
1221 2351 1253 2392 se
1268 2335 1326 2392 sint

737 2407 801 2464 duri
818 2414 845 2464 et
860 2409 965 2480 asperi,
982 2408 1323 2479 tamensuntsubdulces,

738 2480 804 2550 quia
814 2479 989 2536 sustinentur
1001 2495 1098 2536 amore
1109 2479 1268 2536 dulcedinis
1278 2494 1324 2551 pa·

738 2551 842 2619 radisi3
859 2556 887 2607 el
909 2566 1066 2623 numquam
1080 2551 1110 2606 in
1128 2550 1323 2607 maturitatem

737 2621 917 2694 perveniunt,
932 2624 999 2694 qula
1018 2624 1128 2678 tructus
1143 2621 1248 2677 maturi
1259 2626 1325 2677 sunt

737 2694 888 2763 dulciores,
898 2700 926 2751 et
937 2710 1006 2751 sera
1016 2693 1116 2767 religio
1129 2693 1165 2750 de
1178 2692 1326 2750 mundana

737 2766 888 2823 dulcedine
902 2782 958 2823 non
973 2771 1063 2824 curat.
1086 2766 1140 2823 Sed
1159 2782 1172 2820 s
1185 2780 1326 2821 'comorus

738 2839 809 2894 ficus
836 2838 913 2894 latua
926 2836 1040 2908 dicitur,
1065 2837 1131 2909 quia
1145 2782 1186 2894 alf
1200 2838 1325 2893 litteram

738 2908 904 2981 ingrediens
929 2908 1098 2979 religionem
1119 2909 1215 2967 latirus
1239 2924 1323 2980 repu-

739 2986 825 3037 tatur.
839 2981 917 3036 Unde
932 2985 1025 3051 potest
1036 2978 1130 3037 dicere
1139 2980 1208 3037 illud
1220 2981 1322 3037 duros:

739 3053 934 3109 Anareitai-ius
950 3067 998 3120 ego
1021 3066 1081 3106 sum
1105 3055 1238 3108 cellicolis
1252 3069 1327 3121 syco-

739 3140 839 3180 moros.
858 3126 943 3179 lstam
967 3123 1098 3179 arborem
1119 3125 1253 3181 Zachaeus
1268 3140 1326 3197 pu-

740 3195 832 3264 sillus,
873 3193 987 3251 humilis
1025 3193 1131 3252 scilicet
1162 3196 1324 3267 religiosus,

740 3268 927 3337 ascendil,ul
954 3264 1050 3323 rideat
1076 3269 1185 3337 lesum,
1217 3267 1326 3324 scilicet

739 3346 771 3397 ut
786 3339 912 3395 lucretur
927 3337 1013 3395 vitam
1038 3343 1185 3408 aeternam,
1205 3356 1268 3411 quae
1295 3338 1325 3395 in

739 3410 1326 3484 risioneDeiconsistil.Sed,quiaparrus

740 3484 796 3540 alte
812 3500 867 3540 non
886 3485 1143 3556 potestascendere
1159 3485 1221 3541 sinc
1235 3484 1323 3553 scala,

740 3556 783 3611 rel
796 3555 942 3628 gradibus,
969 3555 1033 3612 ideo
1048 3562 1116 3612 sunt
1141 3563 1200 3612 tres
1219 3557 1325 3629 gradus

740 3629 768 3683 in
786 3628 862 3684 scala
887 3626 1055 3699 religionis:
1073 3643 1146 3684 unus
1172 3635 1215 3684 est
1242 3629 1325 3685 abre·

740 3698 882 3756 nuntiatio
895 3698 1019 3780 propriae
1034 3699 1200 3767 voluntatis,
1213 3716 1265 3771 per
1278 3714 1325 3754 so·

740 3776 800 3828 turn
818 3770 989 3827 obedientie
1006 3789 1013 3839 ;
1034 3772 1176 3828 secundus
1189 3777 1229 3827 est
1245 3772 1325 3826 abre·

740 3841 882 3899 nuntiatio
898 3841 1080 3914 proprietatis
1095 3840 1255 3908 exterioris,
1275 3854 1326 3910 per

740 3919 837 3971 retum
854 3915 1050 3986 paupertatis;
1072 3914 1172 3971 tertius
1195 3913 1239 3966 est
1261 3924 1326 3979 pro-

740 3986 838 4043 missio
854 3991 997 4059 perpetuas
1010 3985 1158 4051 castitatis,
1168 3996 1221 4052 per
1232 3986 1327 4036 sotum

740 4058 934 4115 continentia.
951 4061 985 4114 Et
996 4057 1067 4114 istos
1081 4063 1138 4110 tres
1155 4050 1329 4132 gradustres

742 4130 790 4186 alii
800 4130 905 4201 gradus
913 4146 947 4185 ex
957 4132 1038 4199 parto
1047 4125 1134 4196 ipsius
1148 4122 1329 4179 ascendentis

742 4202 929 4274 praecedunt:
950 4198 1058 4271 primns
1084 4199 1128 4251 est
1148 4195 1328 4265 conlemptus

743 4278 923 4330 terrenorum
938 4290 945 4337 ;
962 4266 1115 4336 secundus,
1128 4263 1233 4321 oblivio
1247 4281 1331 4337 gene·

743 4343 799 4409 ris;
819 4341 934 4411 tertius,
962 4339 1058 4397 odium
1080 4335 1179 4396 mundi
1197 4352 1204 4394 ι
1223 4342 1250 4394 ct
1273 4338 1328 4395 ista
