2820 4928
415 420 453 475 ol
481 420 651 476 lllllllls
677 420 722 477 tn
749 425 810 481 lue
837 424 905 489 itt,
933 424 1006 479 lto.
1279 424 1324 479 223

96 530 180 589 unde
198 528 277 588 inira
290 528 406 587 dicitur
421 547 429 585 ε
447 530 565 587 Seruum
583 533 684 587 inutile

96 602 231 675 projicite
244 605 275 658 in
286 602 411 658 tenebras
425 606 582 663 eeteiioers.
597 608 625 659 et
638 618 683 658 se·

98 674 201 747 quitur
214 691 221 730 :
233 675 277 731 lm·
290 676 343 729 erit
353 676 433 743 peius
451 679 477 730 et
489 675 594 730 stridor
615 676 683 731 deii·

98 748 183 803 tium.
199 745 314 815 Quinta,
328 744 395 816 quia
411 745 538 802 subditos
550 752 579 802 et
590 763 685 818 super·

95 814 149 875 hia
162 816 242 874 verbi
261 822 289 873 et
310 815 430 873 avaritia
453 817 519 874 lacti
534 833 684 890 oppresse-

95 892 178 959 runt,
193 888 269 946 unde
280 892 308 943 et
319 887 394 945 iutra
408 888 527 945 dieitur:
538 892 570 948 Si
579 891 685 945 dicirit

95 974 197 1017 seruus
213 961 314 1029 malus,
333 976 437 1016 moram
457 963 529 1029 facit
556 964 684 1017 Dominus

94 1046 187 1101 mais,
204 1036 258 1088 etc.
272 1048 279 1099 ;
293 1037 399 1103 portem
417 1048 496 1088 suam
513 1039 596 1104 ponet
623 1049 683 1088 eum

96 1104 264 1175 hypocritis,
278 1107 306 1158 et
318 1103 447 1174 sequitur
463 1105 526 1160 :lli
540 1108 593 1160 erit
605 1108 684 1174 platus

95 1180 127 1231 st
139 1176 245 1231 stridor
255 1175 387 1230 dentium.
398 1176 490 1245 Serta,
502 1176 569 1247 quia
580 1192 684 1248 magna

96 1244 137 1303 de
164 1261 196 1303 se
223 1253 465 1329 praesumpserunt
488 1248 629 1305 creilendo
656 1251 683 1304 et

95 1317 362 1389 majoraJactando,
376 1318 451 1374 unde
461 1335 547 1391 supra
559 1319 679 1376 dicitur:

95 1390 197 1447 Nonne
210 1390 437 1446 manducavimus
451 1407 540 1446 coram
558 1397 593 1461 te,
608 1398 633 1447 et
645 1393 683 1446 lii·

97 1458 201 1523 mmm,
217 1465 289 1530 etc.;
304 1469 334 1517 et
347 1462 495 1533 sequitur:
511 1463 554 1517 lln'
568 1467 620 1519 erit
634 1466 681 1532 tle-

95 1534 144 1587 tiia
158 1536 185 1588 et
195 1533 300 1589 stridor
311 1533 444 1589 dentium.
460 1534 595 1606 Septima,
614 1536 683 1606 quia

95 1616 157 1658 non
172 1602 377 1675 poenituerunt,
391 1604 477 1660 elatio
492 1605 566 1661 enim
581 1622 681 1677 super·

95 1672 154 1731 biae
172 1680 312 1747 repugnat
325 1675 475 1732 humilitati
494 1677 680 1748 poenitentias,

100 1744 180 1803 unde
203 1761 289 1818 supra
312 1746 347 1802 de
362 1747 533 1804 Centurione
552 1750 678 1805 dicitur:

93 1817 166 1873 miii
181 1822 271 1873 autem
291 1821 370 1886 repni
386 1818 531 1889 ejicientur
547 1823 625 1889 saras
651 1824 680 1876 in

94 1888 222 1943 tenebras
240 1893 397 1953 anteriores,
421 1896 451 1947 el
475 1894 602 1963 sequitur
619 1893 681 1949 :lbi

94 1961 242 2029 mittimus
265 1966 291 2017 et
304 1962 408 2017 stiidar
422 1963 554 2019 dentium.

131 2034 149 2087 8
166 2030 274 2099 Quirinii
294 2034 449 2090 Canisrnisi
474 2051 624 2091 caesurus.
645 2064 679 2078 -

93 2102 234 2175 neserga
253 2105 357 2160 Christi
377 2111 407 2161 et
420 2106 551 2163 Eeclciin
568 2106 679 2177 nuptias

92 2178 155 2230 tota
167 2180 263 2232 mente
277 2176 438 2248 diligamus,
453 2178 554 2233 harum
568 2177 679 2248 gaudiis

92 2245 257 2303 coelestibus
270 2246 410 2304 indelessa
426 2252 563 2304 honorum
585 2250 677 2305 iutcn-

90 2316 171 2373 tione
183 2320 352 2389 jungamur,
369 2321 420 2376 has
441 2320 506 2392 quia
521 2338 572 2393 per
592 2322 678 2378 lldcm

91 2390 187 2444 iocati
201 2388 379 2461 intravimus,
396 2393 501 2448 mundo
517 2392 677 2449 dilectionis

89 2458 193 2516 habitu
203 2461 347 2518 celebrare
360 2480 503 2527 curemus,
517 2471 676 2536 nasumque

87 2530 214 2587 actionis
225 2530 308 2588 simul
320 2539 348 2589 et
359 2535 539 2605 cogitationis
550 2540 676 2593 maculas

87 2602 252 2658 antediem
277 2609 392 2662 extremi
414 2606 596 2675 discriminis,
623 2610 675 2679 ipsi

84 2673 241 2731 sollicitius
258 2677 444 2733 exauiinando
468 2679 619 2746 diluamus,
639 2696 675 2735 ne

84 2744 167 2801 sorte
190 2749 258 2802 tunc
275 2746 437 2820 ingrediens
456 2766 514 2817 rex,
534 2750 557 2806 si
573 2750 677 2807 viderit

84 2831 144 2873 nos
165 2817 320 2889 nuptialem
341 2820 467 2877 caritatis
485 2828 590 2878 vestem
616 2839 675 2878 non

85 2887 242 2953 hahentes.
258 2889 352 2960 eiiciat
367 2909 428 2960 nos,
444 2898 472 2949 ct
493 2893 586 2965 ligatis
603 2894 673 2950 ala-

84 2960 196 3017 cultate
213 2959 284 3017 hene
299 2963 401 3035 agendi
417 2965 546 3021 orionibus
561 2968 674 3035 nostris,

86 3045 122 3113 ac
142 3030 272 3102 pedihus,
291 3031 321 3089 iu
341 3035 474 3091 tenebras
489 3038 583 3091 mittat
599 3044 675 3092 exte·

89 3116 193 3159 nores.
213 3104 240 3159 Si
252 3106 312 3175 quis
325 3107 448 3167 enimin
465 3110 592 3178 tompore
609 3107 677 3163 'udi-

90 3170 137 3255 (ἰρ,
154 3174 242 3229 luerit
257 3178 387 3234 inventus
401 3179 454 3234 suh
469 3178 583 3234 nomine
599 3125 677 3234 dhri-

86 3250 182 3301 stiano
196 3262 253 3302 non
277 3249 384 3305 habens
403 3266 490 3321 opera
509 3249 674 3319 Christiani,

87 3315 189 3372 statim
205 3318 385 3390 corripietur,
402 3327 430 3378 ct
452 3323 550 3379 audiet
568 3323 643 3377 istud
658 3339 686 3378 a.

85 3386 166 3459 Rege
178 3389 232 3445 sihi
248 3389 302 3447 dici
319 3409 325 3446 :
341 3395 446 3462 Amice,
462 3394 595 3464 quomodo
623 3395 675 3449 liua

87 3459 215 3529 intrasti,
233 3478 287 3517 non
310 3465 411 3520 hahens
428 3472 528 3521 uestem
555 3469 674 3537 nuptio-

87 3530 166 3586 lem?
179 3532 262 3598 Quasi
278 3534 385 3592 diceret
398 3554 404 3591 :
418 3538 523 3608 thuid
536 3539 672 3594 Christia-

87 3616 145 3683 nus
166 3618 196 3657 es
211 3603 340 3673 effeetus,
357 3624 421 3663 rum
443 3613 592 3689 operatua
615 3626 673 3665 non

87 3677 146 3754 sint
157 3672 332 3732 Christiani?
348 3680 445 3735 Nullus
458 3685 555 3750 itaqua
568 3682 603 3735 de
621 3697 672 3735 io-

87 3748 201 3800 catione
216 3756 378 3816 praesuinat,
393 3751 483 3806 donor,
498 3752 534 3806 dc
548 3751 674 3821 adoptio-

87 3830 125 3871 ne
142 3818 209 3871 linis
233 3834 350 3876 securus
366 3820 475 3877 inistat.
493 3822 597 3877 Omnes
609 3821 672 3892 qui·

87 3884 154 3943 dem
183 3897 264 3945 vocat
288 3893 362 3948 Deus
388 3892 533 3949 voluntate
562 3901 673 3949 antoce-

88 3957 673 4034 dente,seccnilumquamoiiinesliomi‘nes

87 4032 149 4085 euti
161 4032 254 4087 saluos
267 4037 344 4105 μή,
361 4042 389 4091 ot
404 4042 499 4092 tarnim
511 4039 597 4106 pauci
609 4041 673 4092 sunt

88 4102 179 4165 electi,
194 4104 264 4172 quia
283 4108 363 4175 pauci
384 4107 589 4163 beatitudiuem
605 4124 672 4163 cou-

88 4182 262 4246 sequantur,
283 4184 410 4248 respectu
434 4196 532 4236 eorum
546 4179 594 4250 qui
606 4195 673 4234 con-

88 4244 273 4325 demnantur.
289 4250 423 4306 Nonnulli
443 4250 557 4322 quidem
571 4249 673 4320 vocati,

87 4329 143 4371 neo
157 4318 308 4398 incipiunq
320 4321 448 4378 nonnulli
459 4338 525 4379 iero
540 4321 569 4377 iu
579 4322 672 4385 bouis,

90 4400 156 4461 quae
169 4399 357 4460 inceperunt,
374 4391 671 4466 minimo-persistunt3

740 532 861 589 etmulti
876 533 962 590 fidem
977 531 1146 605 percipiunt;
1160 533 1210 589 sed
1226 549 1320 606 respe-

740 608 786 659 ctu
801 606 940 661 malorum
957 603 1037 676 pauci
1057 609 1133 674 sunt,
1150 604 1198 677 qui
1210 604 1239 661 in
1254 621 1319 676 gra·

738 676 779 731 tia
794 693 879 748 usque
891 677 1014 733 intimem
1022 681 1216 748 perseverant.
1231 679 1319 739 Nemo

738 754 833 803 autum
854 747 1044 804 Christianum
1058 765 1087 804 se
1098 747 1217 820 judicet,
1235 749 1313 805 nisiis

738 822 785 889 qui
795 819 897 875 Christi
912 820 1070 876 doctrinam
1083 822 1221 890 sequitur,
1239 821 1318 891 ejus·

738 890 921 960 queiuiitatur
936 893 1104 962 exemplum.
1116 891 1252 958 Quicuim
1262 907 1319 948 ma·

736 961 763 1017 le
779 961 846 1017 visit
860 967 888 1018 et
904 963 1081 1019 Christianus
1094 970 1220 1031 iocatur,
1239 962 1321 1034 inju-

737 1032 809 1089 riam
825 1034 935 1090 Chcisto
948 1035 1023 1090 iacit.
1037 1034 1115 1090 Unde
1129 1035 1319 1103 Atipiistinus:

738 1123 752 1156 (l
770 1107 857 1162 Nemo
874 1105 934 1161 sine
955 1121 1040 1162 causa
1054 1106 1253 1177 quodcumque
1269 1122 1320 1162 uo·

737 1191 801 1233 meo
811 1177 1026 1234 sortitur.Sutor
1041 1176 1197 1239 oldicatur.
1207 1193 1320 1234 neeesse

738 1257 781 1304 cst
794 1255 824 1305 ut
836 1249 1030 1305 calceamenta
1045 1248 1185 1304 conficiat.
1199 1250 1322 1305 vocetur

737 1321 800 1389 quis
815 1321 904 1385 lalier,
920 1326 969 1375 aut
984 1318 1054 1376 alius
1068 1319 1180 1386 artilex,
1196 1318 1264 1375 artis
1275 1336 1320 1390 pe·

736 1391 802 1447 ritia
817 1392 876 1448 liat.
892 1391 1056 1462 llujtisinodi
1070 1390 1206 1461 exemplis
1216 1406 1318 1461 cogno·

737 1463 840 1519 scimus
856 1464 964 1519 nullum
979 1465 1039 1518 sine
1058 1468 1122 1517 actu
1138 1477 1253 1525 nomen,
1268 1463 1317 1519 sed

736 1550 818 1590 onina
833 1551 937 1591 nomen
952 1551 985 1591 ex
996 1540 1070 1592 actu.
1083 1534 1234 1591 Christiani
1249 1550 1317 1605 ergo

736 1622 838 1663 nomeu
854 1606 901 1663 ille
918 1608 1018 1663 lrustra
1029 1609 1157 1671 sortitur,
1175 1604 1222 1677 qui
1235 1606 1317 1662 Chri·

735 1685 809 1734 stum
832 1695 886 1733 non
909 1678 1046 1735 imitatur.
1070 1676 1144 1746 Quid
1168 1676 1244 1732 enini
1266 1676 1317 1733 tilii

736 1751 850 1820 prodest
860 1752 952 1806 vocari
961 1751 1035 1821 quod
1048 1765 1104 1805 nou
1118 1765 1158 1817 es,
1171 1754 1200 1804 el
1211 1765 1316 1805 nomeu

736 1836 873 1891 usurpare
892 1821 1040 1877 alienum?
1060 1822 1114 1877 Seil
1136 1824 1159 1875 si
1183 1820 1317 1876 Christia-

736 1907 802 1946 niun
814 1898 841 1946 te
858 1908 918 1947 esse
931 1892 1061 1959 delectat,
1077 1907 1141 1962 qum
1154 1891 1317 1946 Christiani-

734 1963 801 2017 tatis
815 1969 880 2018 sunt
895 1979 972 2033 gere,
985 1968 1014 2018 et
1030 1969 1131 2016 merito
1146 1960 1197 2016 tibi
1212 1977 1315 2017 namen

735 2033 888 2089 Christiani
902 2035 1075 2089 assumatu
1090 2047 1157 2102 ergo
1173 2032 1316 2099 quomodo

732 2105 912 2161 Christianus
939 2103 1051 2167 diceris,
1076 2104 1103 2158 in
1134 2117 1191 2173 quo
1220 2102 1316 2158 nullus

733 2176 885 2233 Christiani
901 2182 944 2233 est
958 2175 1057 2232 actus?
1072 2175 1258 2239 Christianus,
1272 2174 1317 2245 ju·

731 2247 825 2317 stitiie,
843 2245 1179 2320 honitatis,integritatis,
1200 2245 1315 2318 patien-

733 2321 790 2383 tiae.
816 2320 972 2387 modestice,
992 2319 1140 2386 castitatis,
1156 2318 1312 2390 pudicitiae,

731 2392 855 2465 pietatis,
876 2393 1043 2450 humilitatis
1059 2398 1087 2448 et
1103 2390 1252 2447 inocentiae
1270 2397 1314 2447 cst

733 2480 851 2531 nomcn;
866 2471 893 2519 nt
906 2472 945 2525 tu,
960 2464 1035 2520 istud
1050 2479 1154 2519 nouieii
1172 2462 1314 2544 quomodo
1348 2476 1351 2481 ·

731 2535 781 2590 tini
802 2536 929 2592 delendis
943 2542 971 2591 et
984 2534 1126 2602 vendicas,
1146 2550 1190 2589 cui
1206 2534 1241 2588 ile
1255 2539 1312 2589 lam

730 2606 857 2677 plurilius
873 2608 956 2662 rebus
966 2622 1018 2660 nce
1029 2621 1125 2676 paucae
1138 2603 1316 2659 subsistunt?

731 2677 907 2734 Christianus
922 2678 969 2733 ille
985 2685 1038 2743 est,
1056 2677 1103 2746 qui
1126 2690 1183 2730 non
1198 2676 1314 2730 nomine

731 2755 840 2805 tantuin
852 2750 901 2804 soil
915 2764 1000 2820 opere
1015 2752 1068 2814 est,
1083 2747 1131 2816 qui
1146 2745 1220 2800 viam
1237 2744 1316 2801 Cliri-

732 2820 751 2876 ti
768 2820 906 2890 sequitur,
918 2818 967 2890 qui
978 2819 1124 2874 Christum
1139 2815 1169 2870 in
1182 2816 1316 2872 omnibus

731 2890 836 2947 imitari
857 2897 985 2958 conatur,
1002 2888 1074 2944 sicut
1089 2886 1227 2957 scriptum
1244 2892 1285 2942 cst
1307 2904 1314 2943 :

731 2964 785 3029 Qui
799 2963 867 3017 dicit
890 2976 946 3016 sese
967 2964 998 3014 in
1014 2962 1120 3017 Christo
1135 2973 1253 3024 manere,
1269 2958 1315 3012 ile·
1350 2966 1353 2971 '

733 3035 775 3088 bct
788 3035 859 3087 siout
873 3034 922 3087 ille
936 3032 1100 3096 ambulavit,
1115 3032 1210 3099 etipse
1224 3028 1317 3083 ambu-

733 3107 799 3160 lare.
820 3102 996 3160 Christianus
1013 3106 1065 3170 est,
1086 3100 1133 3171 qui
1147 3099 1194 3155 die
1217 3105 1315 3155 noctu-

732 3192 787 3248 que
806 3177 863 3231 lleo
889 3172 1022 3241 deservit,
1052 3172 1100 3244 qui
1123 3170 1318 3228 indesinenter

732 3249 793 3319 ejus
814 3252 956 3318 praecepta
979 3244 1133 3302 meditatur
1151 3249 1180 3300 et
1199 3243 1314 3316 cogitat,

731 3318 779 3391 qui
804 3334 911 3390 pauper
927 3319 1032 3374 mundo
1058 3316 1190 3381 allicitur,
1208 3322 1237 3372 ut
1257 3318 1315 3372 [leo

731 3391 854 3462 locuples
869 3391 929 3457 ilat,
946 3388 994 3461 qui
1016 3388 1090 3444 inter
1114 3388 1243 3445 homines
1265 3391 1315 3444 ha-

729 3463 812 3520 betur
831 3462 978 3534 inglorius,
995 3466 1024 3517 ul
1039 3477 1134 3517 coram
1151 3465 1207 3519 lleo
1220 3465 1248 3517 et
1261 3462 1316 3517 llu-

729 3535 800 3605 gelis
815 3534 956 3605 gloriosus
966 3541 1112 3604 appareat,
1124 3533 1171 3605 qui
1184 3533 1213 3588 iu
1229 3532 1315 3588 corde

729 3623 780 3663 suo
803 3606 872 3662 uiliil
891 3606 1054 3661 simulatum
1071 3605 1181 3662 videtur
1207 3606 1314 3661 habere

729 3694 782 3733 noo
798 3679 905 3744 tlctuin,
916 3677 995 3747 eujus
1008 3676 1125 3745 simplex
1134 3686 1163 3734 et
1176 3678 1313 3731 immacu-

728 3749 785 3805 lata
796 3755 839 3804 cst
851 3750 957 3813 aninia,
968 3749 1047 3818 cujus
1057 3746 1229 3804 conscientia
1242 3743 1314 3798 lide-

727 3820 760 3875 lis
787 3829 815 3875 et
837 3836 909 3891 pura
930 3824 983 3887 est,
1012 3820 1093 3890 cujus
1117 3826 1177 3874 tata
1205 3816 1233 3869 in
1256 3815 1313 3891 Deo

728 3908 819 3959 mens,
839 3891 919 3962 cujus
938 3890 1033 3946 omnis
1054 3905 1118 3961 spos
1146 3890 1175 3941 in
1202 3886 1313 3938 Christo

728 3971 781 4027 est,
791 3962 837 4033 qui
854 3962 979 4019 coelestin
994 3966 1088 4033 potius
1104 3969 1189 4033 quam
1201 3958 1314 4008 terreus

728 4034 880 4102 desiderit,
894 4033 941 4105 qui
956 4035 1080 4088 humana
1090 4028 1197 4096 speruit
1207 4029 1313 4106 iitnpos-

728 4105 766 4162 sit
782 4108 886 4161 liabere
899 4104 995 4160 divina
1010 4119 1041 4154 ι»
1056 4101 1116 4153 liiiio
1127 4098 1310 4159 ntupustinus.

729 4178 809 4234 Unde
823 4182 857 4232 at
872 4179 924 4231 leo
939 4177 1017 4240 Papa
1032 4188 1040 4222 :
1058 4187 1081 4247 αΙ
1091 4169 1204 4247 Frustra
1219 4164 1314 4236 appel·

728 4248 820 4306 lamiir
837 4243 999 4309 Christiani,
1026 4238 1050 4293 si
1074 4241 1232 4292 imitatores
1256 4252 1314 4293 uon

729 4336 829 4376 sumus
844 4311 960 4379 Christi,
974 4308 1022 4381 qui
1038 4307 1102 4365 ideo
1117 4306 1192 4362 iiiam
1207 4323 1238 4364 se
1250 4324 1312 4365 esse

728 4390 809 4459 dixit,
837 4392 869 4443 ut
896 4379 1073 4440 conversatio
1096 4377 1220 4453 llagistri
1241 4384 1316 4438 esset
