2820 4928
84 316 131 371 232
401 307 565 366 SECUNDAE
592 308 712 366 Pltttls
737 311 842 367 clrut
869 309 1004 365 XXXUl

87 419 207 490 diligere
229 415 259 473 in
278 418 394 494 peceato
411 411 547 480 existens,
567 409 678 469 scilieet
731 429 797 472 nem
812 413 969 472 homiuem
984 411 1160 484 proximum
1173 411 1305 484 essedo:-

87 487 212 555 mortali,
234 486 299 544 ideo
324 483 443 541 dicitur:
474 486 558 541 Nemo
586 488 676 555 potest

27 608 29 613 .
87 562 193 620 duobus
213 559 332 614 dominis
349 557 463 612 socii-e.
492 554 581 620 Unde,
603 554 676 612 siin

85 637 203 763 Remoto
230 645 337 694 mame,
364 630 454 685 Deum
484 642 541 682 non
570 626 673 698 diligis.

730 487 860 555 tendum,
892 488 965 558 quia
994 500 1072 557 erga
1099 484 1240 542 neminem
1260 501 1307 556 ope

731 559 851 616 randum
865 565 910 615 est
927 556 1059 614 malum.
1076 558 1135 624 Qui
1153 565 1242 613 autem
1253 564 1309 613 auat

732 630 875 688 nominos:
891 635 942 687 aut
969 628 1041 701 quia
1063 630 1137 685 'usti
1152 633 1226 696 sont,
1243 636 1309 685 autot

112 721 147 761 oo
164 701 256 774 diligit
275 704 363 756 tleum
375 699 524 781 superbus,
540 698 584 754 rel
599 714 675 755 ama·
727 702 795 775 justi
808 702 876 770 sint,
893 717 998 760 amore
1014 701 1054 757 de
1099 706 1131 757 t.·
1157 698 1203 758 Sic
1221 706 1310 772 enimet

88 781 135 832 tor
149 790 231 830 renae
245 771 354 844 gloriae.
371 787 418 843 qui
435 769 577 840 {tutiorem
596 786 675 827 ranae
730 773 854 844 seipsum
865 790 968 831 amare
983 773 1095 831 debet:
1112 780 1166 829 aut
1177 771 1312 844 quiojmtu

89 847 200 921 gloriae,
216 861 279 915 nuae
295 843 365 901 nihil
380 847 435 909 est,
447 844 504 899 Deo
520 844 674 914 pomponit3

88 934 143 976 nee
160 918 357 990 voluptuosus,
381 913 428 985 oui
444 928 495 986 pro
514 920 675 970 momenta-

90 1005 146 1047 nea
162 987 349 1045 delectatione
376 1002 441 1042 eum
468 985 596 1054 deserit3
624 1003 677 1043 nee

90 1077 202 1130 avarus,
220 1060 270 1131 qui
291 1076 340 1132 pro
360 1072 487 1128 nummo,
511 1056 556 1113 rel
586 1056 675 1115 nihilo

92 1149 158 1190 eum
176 1131 292 1190 amittit.

128 1219 145 1281 l,
161 1215 288 1270 Uioucrio
303 1229 413 1269 rnoxuu
426 1227 571 1267 nonnarum
584 1226 678 1266 succu-

91 1302 147 1342 ntut
161 1303 193 1341 ur
209 1302 289 1342 nuum
304 1301 402 1340 sintne.
417 1314 451 1323 -
466 1281 572 1338 Deinde
583 1280 676 1337 addit:

90 1358 246 1415 Secundum
263 1362 355 1412 autem
368 1356 459 1410 simile
478 1360 518 1409 est
530 1355 604 1419 huic,
621 1368 678 1408 uon

92 1429 212 1500 aequale,
228 1428 278 1484 sed
301 1427 400 1484 simile.
420 1425 487 1497 quie
502 1431 546 1482 est
560 1425 595 1480 de
614 1431 677 1480 actu

92 1499 190 1567 simili,
208 1499 316 1555 scilicet
340 1499 375 1555 de
404 1498 567 1562 dilectione,
584 1497 626 1553 vel
643 1495 679 1552 de

91 1587 124 1628 re
140 1570 224 1628 simili
236 1574 304 1637 Uen,
317 1569 425 1625 scilicet
439 1569 474 1624 de
484 1567 612 1636 homine,
631 1566 679 1639 qui

91 1643 128 1698 ad
146 1642 362 1699 similitudinem
379 1638 430 1696 Uei
445 1638 537 1695 lectus
552 1643 604 1706 est,
624 1637 679 1694 sci-

91 1713 158 1769 licet
173 1731 180 1768 ε
198 1715 303 1780 Diliges
320 1715 480 1783 proximum
501 1717 589 1771 tuum,
608 1713 681 1766 sieut

92 1787 221 1865 teipsum,
233 1783 312 1839 idest
324 1784 358 1838 ad
371 1782 397 1839 id
409 1782 444 1838 ad
456 1781 531 1854 quod
547 1780 680 1850 teiosum,

93 1853 202 1913 scilicet
224 1852 413 1926 adjustitiam
430 1859 467 1920 et,
487 1853 619 1922 salutem,
644 1853 681 1909 ad

93 1925 214 2056 gratiam
243 1925 273 1983 in
284 1928 436 2054 Xraesenti,
461 1931 490 1983 et
515 1923 635 1997 gloriam
652 1925 682 1981 in

109 2006 204 2068 uturo,
221 2006 281 2056 cta
321 1999 450 2055 eamdem
476 1997 682 2055 beatitudinem

96 2072 133 2129 ad
154 2087 240 2143 quam
258 2070 355 2139 diligis
381 2079 418 2128 te.
435 2070 515 2127 Unde
539 2073 610 2127 sicut
627 2085 682 2126 non

97 2144 214 2200 denotat
247 2143 439 2210 aeoualitotem
469 2143 583 2214 gradus,
616 2140 684 2268 guia

98 2230 190 2285 primo
208 2221 237 2270 et
259 2214 323 2285 plus
339 2221 451 2271 tenetur
465 2213 551 2269 homo
574 2229 603 2268 se
638 2211 683 2268 iii-

96 2301 176 2358 gere,
192 2301 279 2355 quam
306 2287 476 2353 proximum,
493 2283 594 2340 ceteris
611 2283 685 2356 pari-

97 2357 170 2423 bus3
188 2358 239 2411 sed
254 2355 372 2411 denotat
386 2354 602 2411 similitudinem
617 2357 684 2412 boni

96 2426 197 2499 optati,
211 2434 241 2482 ut
256 2425 323 2483 velit
335 2426 493 2498 proximum
501 2425 611 2483 sicutse
622 2443 684 2484 esse

97 2498 127 2556 in
141 2502 233 2571 gratia
247 2505 275 2555 et
291 2514 387 2556 amore
410 2500 469 2555 Dei.
488 2500 596 2555 Etcum
611 2499 684 2556 dici·

97 2577 154 2641 tur,
178 2571 335 2638 seeundum,
369 2587 426 2627 non
453 2576 495 2627 est
523 2573 603 2639 ordo,
630 2569 684 2627 uisi

97 2644 281 2716 quantumad
296 2644 454 2710 materiem,
472 2658 536 2712 quae
552 2648 595 2699 est
609 2645 685 2699 Deus

98 2720 128 2772 et
156 2713 300 2788 proximus
316 2732 322 2777 ς
341 2730 430 2770 unum
451 2714 526 2771 enim
554 2720 596 2770 est
615 2729 685 2785 prae·

98 2795 212 2858 ceptum
232 2788 267 2843 de
282 2785 455 2855 dilectione3
471 2787 513 2842 vel
540 2791 625 2843 etiam
642 2791 686 2842 est

99 2859 169 2916 ordo
184 2857 369 2927 causalitatis,
387 2857 453 2928 quia
468 2873 549 2914 amor
565 2856 685 2927 proximi

98 2936 231 2987 causatur
246 2946 279 2986 ex
293 2946 390 2987 amore
404 2929 454 2988 Uei
482 2931 515 2986 Et
533 2928 597 2986 ideo
616 2928 686 2984 dicit

98 3003 248 3075 Apostolos
274 3019 281 3059 :
312 3003 366 3070 Qut
391 3003 487 3071 dilipit
514 3004 684 3074 proximum,

98 3077 195 3142 Lenem
209 3075 345 3145 impleuit,
362 3072 429 3145 quia
444 3089 530 3130 causa
546 3071 685 3144 intelligi-

100 3151 148 3202 tur
166 3145 195 3202 in
214 3154 341 3215 causato,
357 3151 386 3202 et
409 3162 466 3202 uon
493 3161 509 3202 e
538 3159 684 3202 converso.

102 3216 219 3273 nitectio
235 3216 322 3298 igitur
336 3217 365 3274 in
390 3219 480 3274 Deum
494 3215 574 3279 oripo
590 3221 634 3273 est
647 3214 688 3272 di·

102 3287 232 3345 lectionis
248 3304 277 3344 m
292 3287 470 3361 proximum3
484 3294 513 3346 ot
528 3287 642 3346 dilectio
658 3289 687 3344 in

101 3358 260 3486 Breuimum
282 3359 406 3433 cognitio
422 3365 466 3416 est
482 3359 644 3417 dilect-ionis
658 3359 688 3416 in

127 3445 203 3498 eum,
218 3445 253 3486 ac
268 3429 354 3487 etiam
375 3431 589 3488 nutrimentum.
608 3432 687 3488 Unde

103 3500 250 3581 Gregorius
266 3519 301 3582 ².“
318 3503 372 3583 l>er
386 3517 513 3558 amorem
527 3502 588 3567 Uei,
607 3518 689 3558 amor

101 3586 223 3653 proxim}
250 3580 388 3644 gignitur,
425 3578 453 3629 et
483 3589 533 3644 per
559 3588 687 3629 amorem

102 3657 233 3714 proximi,
248 3659 329 3701 amor
347 3645 396 3701 Dei
426 3644 569 3701 nutritur:
588 3664 603 3695 o
626 3645 687 3700 haee

101 3716 261 3784 ‹timor-tos.
292 3718 326 3772 Et
352 3714 486 3772 similiter
512 3713 626 3774 dilectio
659 3717 687 3772 in

99 3787 687 3861 seipsumpraecederedebetdtleetionem

97 3860 128 3918 in
172 3858 322 3920 mximum.
341 3859 420 3917 Unde
435 3859 474 3917 ait
489 3862 663 3931 Aaronotintu
678 3878 687 3917 a

101 3955 116 3985 o
131 4003 138 4015 ·
156 3932 203 3990 ide
235 3931 313 4004 prius
337 3931 361 3989 si
381 3932 442 4004 jam
474 3933 549 3990 nosti
568 3932 688 4005 diligere

100 4012 223 4076 teipsum
237 4025 246 4069 t
262 4004 443 4063 etcommitto
454 4003 506 4062 tibi
519 4005 688 4076 proximum,

102 4092 187 4150 quem
202 4075 304 4150 diligas
317 4075 390 4135 sicut
404 4076 534 4148 teipsum.
552 4075 580 4134 Si
593 4080 688 4134 autem

102 4150 228 4206 nondum
248 4148 321 4208 nosti
351 4147 469 4220 diligere
483 4153 522 4219 te,
551 4149 638 4205 timeo
653 4163 689 4205 ne

103 4220 228 4292 decipias
241 4223 402 4350 proximum
414 4218 487 4278 sicut
500 4224 539 4278 le.
557 4237 572 4273 ο
586 4221 620 4277 Et
634 4218 689 4277 ite·

80 4319 81 4322 ο
103 4307 192 4349 rum:
214 4314 229 4345 «
259 4294 422 4352 lanilestum
441 4296 483 4351 est
516 4296 612 4351 autem
627 4308 687 4350 otu·

731 851 784 915 est,
801 852 851 904 aut
864 852 896 902 ut
904 847 1006 918 iustus
1021 847 1076 901 ait.
1094 845 1144 902 Sic
1159 845 1234 902 enim
1246 844 1313 912 diligit

730 917 890 991 proximum
918 915 1166 988 sieutseipsum,
1195 916 1313 972 sincello

731 989 881 1064 periculo:
902 1011 915 1042 o
940 991 1008 1047 haee
1035 990 1235 1054 Augustinus.
1256 988 1313 1043 Unde

731 1064 834 1119 modus
848 1060 989 1134 diligendi
1016 1060 1191 1130 proiimom
1219 1059 1315 1115 attenti·

731 1131 1314 1203 tursetundumquatuorcaneuxpriuo,

732 1206 889 1262 secundom
904 1206 1041 1272 finalem,
1060 1203 1179 1260 scilicet
1195 1209 1226 1260 ut
1238 1202 1315 1264 diripi·

733 1276 928 1348 turproximus
939 1286 1067 1347 propter
1076 1278 1171 1332 [lenm
1183 1292 1191 1344 3
1204 1274 1315 1338 secundo,

733 1349 888 1406 secundum
903 1347 1107 1414 materialem,
1124 1346 1239 1404 scilicet
1254 1346 1315 1402 otdi

733 1421 839 1492 ligatur
854 1421 972 1480 bonum.
992 1435 1056 1476 non
1087 1421 1204 1476 malum
1220 1437 1228 1486 ;
1245 1417 1315 1485 tertio,
1360 1464 1362 1469 .

733 1491 888 1550 secundum
904 1491 1076 1562 formalem,
1097 1491 1216 1549 scilicet
1242 1498 1270 1546 ut
1287 1506 1316 1545 or·
1360 1494 1362 1507 ²

733 1565 800 1622 dine
829 1565 935 1632 debito,
971 1566 1049 1619 citra
1083 1565 1180 1620 Deum
1208 1567 1236 1619 et
1254 1577 1317 1633 supro

734 1635 921 1705 temporatia,
940 1643 1061 1707 quarto,
1090 1634 1254 1692 secundum
1277 1632 1318 1688 etl·

735 1711 856 1765 cientem
880 1707 939 1763 sive
955 1712 1144 1774 moventem,
1161 1710 1232 1778 quia
1246 1705 1319 1762 utho

736 1797 794 1848 mo,
807 1796 863 1836 non
872 1778 938 1851 quia
947 1784 1033 1851 poter
1047 1785 1180 1843 tantum,
1193 1779 1237 1836 rel
1251 1777 1317 1837 llos,

736 1852 780 1908 rel
797 1851 979 1919 domestiruo,
1006 1849 1055 1906 uel
1087 1851 1223 1908 amicus:
1239 1856 1265 1907 et
1287 1847 1318 1904 hio

737 1923 830 1981 modis
846 1923 932 1981 debet
947 1922 1037 1978 homo
1054 1921 1186 1988 dilipere
1216 1922 1317 1994 seipsou

739 1997 771 2052 Et
780 1996 1023 2064 nota,secundum
1036 1994 1249 2063 maguntinam.
1261 1990 1318 2065 quot

737 2072 830 2140 primo
847 2065 1009 2138 diligendus
1026 2072 1074 2122 eet
1094 2067 1188 2134 Dcite,
1205 2064 1318 2141 secondo.

738 2139 835 2196 anima
850 2137 976 2211 propria,
995 2140 1098 2206 tertio,
1121 2139 1224 2196 anima
1248 2152 1319 2210 prun

738 2210 788 2268 mi.
811 2214 882 2268 dota
897 2216 983 2266 etiam
997 2209 1078 2278 ouod
1110 2226 1200 2268 autor
1218 2206 1318 2287 proximi

739 2283 826 2340 salsus
840 2288 892 2348 est,
908 2297 961 2354 per
974 2281 1037 2336 haee
1054 2297 1108 2339 seu
1125 2282 1319 2355 hujuscemodi,

738 2353 884 2412 videlicet:
906 2353 930 2410 si
959 2351 1081 2425 impedit
1109 2369 1244 2412 amorem
1259 2352 1318 2418 Uei;

739 2429 761 2483 si
777 2425 885 2499 aliquid
899 2425 950 2482 liet
966 2429 1084 2497 propter
1113 2442 1246 2483 amorem
1271 2437 1319 2497 pro

739 2498 818 2567 rimi,
833 2502 907 2570 quod
931 2498 968 2551 sit
982 2501 1085 2553 contra
1108 2513 1242 2555 aurorem
1259 2495 1318 2559 llei;

740 2570 763 2626 si
781 2569 884 2640 alionis
899 2567 1061 2626 dissimulet
1086 2568 1171 2627 ineo
1192 2584 1274 2641 quem
1287 2565 1319 2622 dl·

740 2642 812 2712 ligit,
828 2641 892 2713 plus
907 2655 991 2711 quam
1009 2638 1038 2695 in
1057 2655 1092 2696 εο
1112 2657 1202 2714 quem
1224 2639 1320 2696 nondi-

740 2713 802 2785 ligit
821 2713 884 2781 sic-3
905 2714 928 2768 si
956 2709 1065 2781 aliquid
1085 2712 1118 2768 in
1147 2729 1182 2770 eo
1211 2713 1318 2785 placet,

740 2785 853 2857 quodin
870 2784 935 2841 aliis
952 2782 1126 2852 displiceat3
1153 2784 1177 2841 si
1193 2783 1321 2853 patienter

740 2874 795 2914 non
812 2855 944 2925 sustinet,
960 2853 1036 2927 quod
1049 2858 1142 2914 alium
1156 2856 1232 2913 sicut
1245 2851 1319 2912 nevel

741 2929 804 3001 plus
819 2927 930 3001 diriget.

776 3006 791 3057 5
805 3001 939 3068 Quouono
955 3018 1076 3058 nonnemo
1092 3001 1148 3056 Det
1170 3017 1204 3056 ar
1226 3011 1319 3057 rnount

739 3089 826 3130 toron
843 3074 935 3131 Lucan
953 3071 1130 3132 incuruata?
1150 3102 1186 3113 -
1202 3074 1236 3129 lit
1251 3069 1320 3126 inlett

740 3143 893 3201 dominus:
909 3150 941 3203 ln
957 3149 1001 3202 liis
1014 3144 1125 3200 duobus
1139 3142 1248 3201 scilicet
1259 3156 1321 3198 orm

741 3217 817 3272 dotis
831 3215 1003 3284 dilectionis,
1013 3219 1148 3272 universo
1161 3218 1223 3272 Lex
1235 3215 1320 3286 perdet

741 3293 767 3345 et
783 3290 936 3359 Propheta,
951 3289 1019 3361 quia
1034 3292 1114 3344 tolus
1134 3286 1321 3364 Uecalogusel

741 3358 924 3429 monitiones,
950 3360 1009 3418 sivo
1029 3357 1270 3416 comminationes
1285 3356 1321 3413 hro

742 3431 829 3487 linem
851 3431 974 3501 liabent;
995 3433 1050 3488 hoc
1073 3428 1153 3487 euim
1172 3436 1206 3487 ut
1233 3427 1321 3486 caritas

741 3502 939 3560 introducatur
964 3499 1321 3577 intendunt..Totaquippt

743 3573 887 3646 Scriptura
906 3575 989 3648 Legis
1014 3577 1043 3630 et
1069 3574 1282 3652 Prophetarum
1293 3567 1321 3626 ed

742 3645 921 3704 dilectionem
947 3645 996 3704 Uei
1023 3652 1053 3703 et
1077 3644 1203 3718 proximi
1224 3644 1323 3703 ordina·

742 3722 804 3787 tur;
822 3718 959 3791 quidquid
978 3717 1055 3775 enim
1076 3724 1257 3790 praeceptum
1279 3719 1321 3781 est,

742 3788 771 3845 in
787 3791 860 3861 Lege
874 3797 903 3848 et
918 3788 1080 3921 Proghetis,
1091 3788 1221 3847 tiocitoe
1232 3801 1322 3867 praee

742 3866 822 3934 ptum
837 3867 881 3920 est
896 3880 903 3920 :
919 3868 950 3921 ut
992 3877 1043 3919 eus
1063 3866 1092 3918 et
1105 3860 1257 3935 proximus
1269 3858 1322 3917 dil·

742 3938 836 4004 gatur.
853 3936 888 3992 Et
901 3941 1019 4008 propter
1043 3932 1117 3998 haee,
1131 3933 1238 3993 omnia
1254 3946 1322 3991 man·

743 4006 811 4062 data
824 4010 853 4063 et
863 4007 969 4077 scripta
982 4003 1065 4077 Legis
1079 4011 1109 4062 et
1124 4006 1181 4064 Pro
1204 4006 1323 4064 betarum

745 4093 800 4158 non
817 4085 894 4146 sunt,
908 4077 962 4135 nioi
978 4076 1110 4149 quaedam
1131 4022 1325 4157 explicationes

743 4153 862 4232 rstorpm
884 4150 1007 4209 duorum
1027 4150 1247 4217 mandatorum,
1267 4161 1326 4222 quit

744 4236 842 4278 omnia
860 4221 897 4280 ad
920 4224 982 4280 liaee
1009 4221 1066 4280 duo
1094 4231 1164 4281 sunt
1189 4222 1324 4282 ordoou.

744 4294 825 4365 item,
843 4294 940 4353 omnia
964 4299 1108 4369 praecepta
1133 4294 1170 4354 ad
1195 4296 1258 4354 liaeo
1276 4293 1325 4351 doo
