2820 4928
86 308 133 364 ale

89 415 683 489 adeamperbonorumoperumpersevc-

86 487 210 545 rentiam
225 486 434 560 perveniamus.
448 508 462 537 »
477 486 549 543 llinc
560 490 682 543 Benar-

87 560 141 615 das
156 579 165 614 z
182 581 197 609 ι(
212 561 277 630 lpsa
288 557 411 614 coelestis
426 558 506 640 regni
527 558 681 631 praedesti-

42 688 48 697 ,
87 632 165 687 natio
182 632 220 687 ita
233 631 269 688 ab
284 631 362 686 omni
385 636 474 687 olenti
490 631 548 686 Deo
564 647 678 703 praeor-

88 702 186 759 dinata
197 704 251 784 est,
266 707 297 757 ut
311 702 345 757 ad
362 645 416 758 Koc
429 701 512 758 electi
528 718 561 758 ex
579 702 681 759 laboro

86 778 266 846 pervemat,
275 779 418 844 quatenus
431 781 600 830 mereantur
615 790 680 846 pre-

89 845 168 900 cibus
187 843 316 900 obtinere
330 845 406 916 quod
421 844 482 918 ipse
500 845 681 918 omnipotens

86 916 162 971 Deus
173 920 239 972 ante
252 921 364 989 tempus
372 915 515 990 disposuit
524 917 633 974 donare
646 938 652 973 :
666 937 680 970 n

87 985 332 1045 haecllernardua.

128 1063 160 1114 ιθ
182 1061 329 1115 &sursus
344 1075 478 1114 nanrcuosc
494 1078 621 1116 rnascrrr
649 1078 682 1117 ετ

90 1146 212 1186 sacrari.
228 1163 263 1173 -
279 1129 329 1188 Ubi
355 1136 422 1186 nota
445 1131 607 1204 exemplum
626 1136 681 1188 uti·

88 1201 126 1270 le,
141 1208 169 1259 et
186 1208 284 1273 aptum
299 1202 334 1259 ad
350 1202 543 1273 propositum.
560 1203 625 1260 Fuit
652 1203 682 1259 in

89 1274 212 1343 quodam
230 1273 404 1330 monasterio
415 1274 627 1347 fraterquidam
640 1292 683 1332 re-

91 1343 211 1417 ligiosus
227 1352 255 1402 et
269 1345 398 1413 devotus,
414 1344 460 1402 cui
479 1362 554 1418 saepe
571 1348 684 1403 revela·

91 1414 186 1472 tiones
200 1417 308 1473 fiebant
321 1416 469 1486 divinitus;
478 1417 553 1488 quod
568 1418 685 1489 quidam

87 1486 294 1558 alterejusdem
310 1487 467 1544 nonasterii
477 1489 685 1559 scatersciens,

87 1557 190 1615 institit
204 1559 279 1629 apud
296 1560 438 1619 eumdem.
452 1565 483 1615 ut
502 1562 592 1616 Deum
614 1577 685 1617 ora-

86 1633 140 1692 ret,
163 1637 302 1700 quatenus
324 1629 378 1685 sibi
395 1629 563 1702 dignaretur
578 1638 681 1688 osten·

87 1699 166 1767 dere,
183 1699 204 1754 si
216 1700 275 1772 ipse
286 1699 321 1755 de
335 1716 454 1757 numero
470 1702 683 1759 salvandorum

86 1777 169 1827 esset.
184 1773 227 1839 Et,
245 1785 307 1827 cum
321 1770 368 1827 ille
382 1771 426 1827 cix
441 1772 572 1844 precibus
586 1773 684 1831 victus

87 1841 211 1899 orationi
229 1841 362 1899 instando
377 1844 461 1903 hoca
477 1846 536 1901 Deo
570 1845 683 1902 ostula·

89 1919 144 1982 ret,
158 1920 301 1971 ostensum
315 1921 359 1972 est
369 1914 423 1973 sibi
437 1917 512 1988 quod
529 1861 576 1974 tire
591 1918 686 1975 irater

87 1984 124 2042 de
139 2002 258 2043 numero
273 1986 501 2047 damnandorum
518 1994 610 2057 esset,
628 2005 684 2046 un-

90 2057 125 2113 de
138 2056 243 2116 timens
252 2059 370 2117 fratrem
383 2059 470 2117 alium
485 2061 617 2131 turbare,
632 2076 686 2134 per

453 307 617 363 secutum
643 307 763 362 Pluris
790 306 894 361 CAPUT
923 306 957 360 bl

737 415 846 487 aliquot
860 413 923 471 dies
936 412 996 470 hoc
1012 410 1071 469 sibi
1083 411 1192 469 celarit
1203 429 1210 481 ;
1220 412 1265 469 sed
1272 420 1317 471 tan-

737 488 802 544 dem
817 486 911 543 eidem
926 482 1112 557 requirenti,
1132 483 1202 541 licet
1223 484 1318 555 inritus,

736 557 858 631 aperuit.
876 557 927 614 llle
946 562 1049 612 autem
1079 556 1142 612 hoc
1161 555 1284 625 audiens,
1299 568 1321 614 et

737 630 896 703 Scripturas
911 627 1003 685 intelli
1027 643 1096 696 ens,
1110 627 1211 685 statim
1226 645 1321 702 respon·

736 701 801 758 dit:
822 700 995 758 Benedictus
1037 716 1106 767 eus,
1123 715 1180 756 nec
1194 701 1323 756 tamensic

736 773 904 846 desperabo,
914 772 962 828 sed
976 770 1190 843 poenitentiam
1196 788 1277 843 mam
1286 788 1324 842 per

735 844 895 916 ingressum
909 841 1062 914 religionis
1072 842 1237 915 assumpsi,
1246 844 1278 900 de
1290 860 1323 900 ce·

735 924 797 973 tero
811 915 977 989 duplicabo,
999 919 1029 970 et
1057 914 1222 985 triplicabo
1248 914 1324 971 donec

735 988 856 1062 gratiam
866 992 894 1044 et
908 984 1150 1043 misericordiam
1162 987 1240 1069 apud
1249 988 1324 1043 Deum

735 1060 916 1122 altissimum,
942 1056 992 1130 qui
1014 1055 1083 1128 pius
1105 1062 1164 1127 est,
1180 1059 1323 1114 reveniam.

736 1134 770 1189 Et
778 1138 842 1204 post
854 1130 957 1187 multos
971 1127 1036 1184 dies
1044 1128 1159 1185 iterum
1174 1128 1257 1185 tratri
1267 1146 1325 1202 pra

737 1203 813 1259 dicto
828 1201 965 1258 divinitus
985 1206 1030 1257 est
1056 1201 1239 1268 revelatum,
1262 1203 1325 1272 qnod

737 1274 783 1330 ille
800 1276 887 1331 lrater
914 1274 949 1328 de
978 1287 1106 1328 numero
1133 1273 1324 1330 salvandorum

737 1353 831 1414 esset;
852 1344 1012 1416 quodcum
1037 1342 1140 1400 eidem
1156 1344 1242 1400 tratri
1265 1352 1325 1400 retu·

738 1417 829 1481 iisset,
847 1417 894 1472 ille
923 1416 1008 1471 latus
1026 1414 1137 1471 effetus
1167 1415 1207 1473 de
1234 1417 1325 1473 revela

737 1490 827 1555 tione,
844 1485 944 1545 fortior
964 1487 1061 1542 lactus
1077 1492 1126 1543 est
1144 1486 1176 1544 in
1192 1504 1289 1559 opere,
1301 1504 1324 1544 ar

738 1560 857 1616 virilitor
869 1574 967 1630 agens,
981 1563 1011 1614 et
1025 1558 1065 1614 de
1080 1557 1193 1615 virtute
1204 1558 1235 1615 in
1248 1558 1324 1615 virtu·

738 1640 795 1688 tem
811 1630 936 1701 quotidie
955 1629 1118 1701 proficiens
1138 1631 1324 1703 perseverarit

737 1702 767 1759 in
780 1703 856 1760 bono
869 1702 930 1759 sine
946 1700 1124 1758 cessatione.
1138 1702 1257 1759 Utinam
1268 1702 1324 1758 mul-

737 1774 759 1831 ti
769 1773 886 1831 animati
897 1772 951 1829 boc
961 1773 1106 1844 exemplo,
1117 1789 1243 1829 manum
1256 1790 1322 1831 suan

737 1847 773 1902 ad
785 1845 869 1901 lortia
893 1843 1051 1911 mitterent,
1069 1849 1177 1901 elnon
1200 1845 1321 1918 despera·

737 1923 802 1974 rent
813 1917 857 1972 rel
874 1917 1038 1973 delicerent:
1064 1915 1135 1987 quia
1152 1916 1196 1973 sic
1210 1917 1320 1989 agendo,

738 1994 767 2045 et
792 1987 821 2044 in
846 1989 900 2044 hoc
920 1988 1150 2060 perseverando,
1168 1989 1260 2045 Deum
1276 1987 1320 2043 sibi

737 2059 891 2133 propitium
905 2059 1002 2129 utique
1015 2057 1205 2116 invenirent!

636 2231 766 2290 ORATIO

126 2412 246 2496 Domine
262 2415 328 2471 lesu
347 2415 470 2485 Christe,
483 2417 570 2489 judex
586 2416 715 2476 vivorum
727 2424 757 2477 et
771 2425 961 2488 mortuorum,
975 2418 1006 2476 in
1016 2424 1148 2477 extremo
1160 2419 1266 2492 judicio
1279 2434 1317 2475 me

90 2500 108 2541 a
123 2484 246 2543 dexteris
259 2485 398 2544 collocare
413 2487 550 2559 digneris,
569 2494 597 2546 et
607 2496 673 2547 lunc
687 2491 813 2548 auditam
828 2492 872 2548 lac
888 2491 957 2548 mibi
972 2490 1050 2547 illam
1066 2490 1264 2548 dulcissimam
1276 2507 1317 2546 co·

87 2572 148 2613 cem
164 2564 348 2630 tuam,quam
366 2559 524 2631 promisisti
537 2561 634 2618 electis
649 2561 717 2631 tuis,
734 2563 833 2620 dicens
851 2581 858 2618 :
874 2566 981 2628 Venite,
998 2563 1136 2619 benedicti
1151 2566 1245 2619 Patris
1259 2566 1315 2627 mei,

84 2632 219 2702 percipite
237 2647 367 2712 regnum
381 2637 410 2688 et
425 2632 480 2700 lac,
496 2639 598 2689 utnon
615 2632 732 2691 timeam
746 2636 782 2692 ab
797 2633 946 2691 auditione
959 2635 1044 2703 mala,
1057 2650 1146 2705 quam
1164 2637 1314 2691 commina-

89 2707 135 2784 tus
148 2718 179 2758 es
193 2702 332 2774 reprobis,
346 2703 444 2759 dicens
460 2722 467 2761 ε
486 2707 533 2772 lte,
546 2706 687 2762 maledicti
700 2709 731 2762 in
743 2709 834 2775 ionem
848 2712 988 2762 aternum.
1003 2707 1025 2763 0
1038 2704 1187 2777 unigenite
1199 2706 1250 2762 Fili
1263 2706 1314 2771 Dei,

88 2788 224 2830 miserere
240 2774 344 2841 nostri,
357 2791 392 2831 ne
408 2791 544 2846 uinquam
560 2776 638 2833 illam
657 2793 771 2849 poenam
790 2778 977 2835 incurabilem
1003 2780 1198 2849 experiamur.
1215 2777 1315 2834 scilicet

88 2844 246 2902 excideres
262 2846 343 2917 regni
358 2847 482 2904 celestis
499 2847 603 2921 gloria,
619 2852 647 2905 et
662 2849 790 2907 comburi
803 2851 946 2922 gebenna,
960 2851 1035 2907 ilaus
1049 2865 1141 2919 meus,
1158 2849 1313 2906 misericor·

87 2914 134 2972 dia
149 2932 222 2973 mea.
236 2920 337 2975 Amen.

594 3261 733 3334 CAPUT
758 3263 798 3332 Li

271 3470 309 3512 bs
329 3470 446 3514 Pascua
462 3473 501 3515 ΕΤ
515 3474 752 3519 diversissimus
766 3473 1138 3520 noutnlsnecttealodlaus.

543 3631 667 3689 uacrnaei
696 3636 868 3706 capaxu.

131 3808 140 3841 ι
161 3786 296 3843 Cumsrus
311 3803 359 3842 nsr
375 3803 515 3842 sxssrmn
535 3805 562 3843 m
589 3805 678 3844 sonan

91 3873 281 3916 uonsranrnu.
299 3891 334 3901 —
346 3860 437 3927 llunc,
449 3860 603 3917 secundum
615 3863 677 3916 ldie·

89 3943 245 4008 ronpmnm,
265 3947 450 4003 aspergamus
476 3932 511 3986 de
538 3935 677 4003 sanguine

90 3998 193 4055 lrbrum
207 4008 349 4065 nostrum,
359 4013 387 4060 et
399 4002 499 4060 limina
511 4002 675 4073 domorum,

90 4075 119 4126 et
132 4071 445 4155 lunemcircundemrn
455 4074 618 4131 coccineum
629 4076 677 4132 ‹lo-

91 4158 149 4198 mur
165 4143 303 4201 oranonls
320 4155 435 4213 nostrae,
457 4155 486 4204 ct
508 4161 623 4204 coccum
648 4146 678 4202 in

91 4228 179 4270 manu
193 4222 293 4272 nostra
307 4222 337 4272 ul
345 4220 416 4274 Zara
427 4218 557 4290 ligemus,
572 4223 604 4274 ut
616 4232 678 4274 vac-

89 4298 152 4340 cam
167 4288 259 4343 rulam
275 4287 303 4342 in
316 4288 389 4344 valle
403 4290 525 4348 occisam
541 4304 678 4348 enarrare

731 3789 883 3916 Bossimum
906 3789 966 3861 jam
990 3788 1067 3845 enim
1100 3788 1200 3857 instat,
1228 3793 1258 3844 ut
1280 3785 1312 3843 ad

754 3860 898 3917 assionem
919 3860 1030 3917 Domini
1055 3859 1216 3927 veniamus,
1234 3874 1312 3987 auam

730 3939 805 3989 etex
824 3932 925 3989 allecto
953 3930 1106 4004 inspicere,
1124 3938 1153 3987 et
1170 3933 1199 3987 in
1215 3948 1231 3987 e
1255 3936 1312 3987 ectu

730 4003 837 4060 imitari
859 4004 1006 4072 debemus,
1019 4004 1099 4074 juxta
1113 4002 1184 4060 illud
1207 4001 1313 4059 Exodi:

730 4073 1314 4202 Inspice,etfecscenndumenemplargaod

731 4149 784 4203 tibi
793 4152 822 4203 in
835 4152 926 4204 monte
939 4153 1122 4203 monstratum
1132 4152 1183 4202 est.
1194 4177 1226 4186 -
1263 4143 1314 4200 bri·

731 4225 791 4276 stus
810 4219 885 4276 eninr
905 4224 947 4274 est
973 4224 1119 4289 tamquam
1135 4216 1209 4275 liber
1221 4232 1313 4273 exem·

731 4290 829 4369 piaris,
855 4290 893 4348 ad
916 4290 999 4361 cujus
1015 4288 1161 4361 exemplar
1170 4293 1261 4345 totam
1275 4287 1314 4347 vi·
