2820 4928
135 454 228 510 lutum
242 450 287 503 est
302 442 488 508 nochelmo,
503 456 556 496 nee
570 456 668 497 amare
683 438 724 496 di-

137 524 237 585 ritias;
252 516 331 587 utria,
346 520 377 572 ul
395 514 433 570 ait
454 512 529 569 Reda
549 529 556 568 :
575 535 589 565 «
610 512 661 580 Qui
677 511 724 568 hic

138 587 362 663 multiplicandis
375 585 482 643 divitiis
492 584 673 653 inrumliunt,
685 584 724 640 al·

136 667 226 723 terius
241 662 305 717 vitm
325 659 430 733 gaudia
442 673 569 729 qtraerere
594 669 722 713 rontem-

136 740 237 797 nunt.»
254 733 334 789 Unde
349 734 581 801 etllr'eronpmus:
600 731 723 857 «Super-

136 811 245 868 lluaest
258 820 327 862 eura
339 804 374 860 de
385 804 470 859 rebus
480 800 654 870 corruptibili
667 816 722 868 rue,

136 896 201 955 quae
216 894 279 935 eum
295 875 426 949 angustia
442 874 596 947 prodeunt,
612 873 723 945 adeptae

135 968 225 1027 perro
240 956 370 1022 tompore
381 947 550 1013 subsistunt,
567 945 724 1002 subsisten-

136 1020 410 1083 lessolliritudioem
427 1019 570 1090 ingerunt,
586 1018 722 1075 receden-

136 1101 181 1154 tes
196 1093 323 1151 dolorem
345 1092 463 1159 tactnnt,
487 1096 526 1159 et,
547 1090 622 1161 quod
642 1091 724 1162 pejus
748 1134 750 1139 .

137 1174 191 1227 est.
211 1166 370 1233 ingressum
388 1163 469 1233 regni
486 1162 652 1233 frequenter
670 1162 723 1217 im-

159 1242 267 1298 ediunt.
285 1260 298 1291 u
326 1236 433 1293 Deinde
450 1234 529 1309 otrasi
548 1232 724 1306 impossibile

136 1258 191 1370 dioc
211 1309 347 1374 ostendit,
360 1315 386 1365 et
408 1308 551 1380 postmodo
566 1306 671 1363 divitia
686 1307 725 1361 la·
748 1338 751 1365 ι

136 1381 482 1454 eiuntimpossibililatem
496 1379 533 1435 ad
548 1394 725 1449 consequen·

138 1458 205 1513 dnm
222 1453 425 1527 perlectionem
448 1458 475 1507 et
498 1466 617 1519 regnum
635 1449 722 1506 roelo·

137 1544 210 1585 rum.
228 1525 327 1581 dicens
343 1542 350 1579 :
373 1528 409 1580 Et
425 1526 526 1577 iterum
541 1523 603 1577 dieo
616 1522 694 1577 volis
716 1538 722 1577 :

138 1597 261 1657 Facilius
273 1600 314 1651 est
327 1597 514 1665 eumelumper
522 1595 647 1659 {oramen
659 1608 726 1648 aeus

138 1672 269 1735 munstre,
288 1684 372 1736 quom
386 1666 512 1725 diuitem.
527 1663 636 1720 seilicet
646 1666 725 1720 inor·

139 1740 253 1799 dinatus
267 1737 382 1795 diuitias
398 1742 554 1802 amantem,
571 1740 678 1792 intrare
695 1739 725 1792 in

139 1811 404 1878 superroratam,
417 1808 526 1866 seilicet
548 1814 661 1880 portam
677 1824 727 1865 an·

178 1890 249 1941 stam
262 1888 290 1937 et
302 1887 419 1939 aretam.
430 1883 553 1939 Verbum
566 1884 621 1938 hoe
634 1879 725 1937 terri-

158 1954 725 2026 ilediritibus‚quorumnullabonasunt

139 2027 170 2086 in
185 2029 266 2095 eoelo,
285 2028 357 2084 sieut
369 2042 530 2155 pauperum
559 2025 636 2083 nulla
650 2025 726 2081 bona

140 2101 169 2158 in
188 2101 305 2158 mundo.
325 2103 364 2157 Un
388 2117 403 2156 e
419 2100 581 2155 Ambrosius
602 2100 725 2153 :odam

140 2173 205 2229 ideo
215 2171 282 2229 ntrdi
298 2171 462 2227 accedimus
475 2171 510 2226 ad
526 2170 682 2235 laternum,
694 2174 725 2223 ut

140 2243 209 2300 nudi
232 2244 268 2299 ad
294 2242 357 2299 rteli
386 2243 503 2313 januam
526 2257 723 2312 properemus.

141 2316 230 2381 Quam
247 2318 340 2369 autem
357 2313 544 2383 inrongruunr
572 2319 600 2367 et
623 2313 725 2368 absur-

140 2386 207 2442 dum
223 2391 276 2443 est.
296 2388 327 2439 ut
342 2399 425 2454 orient
440 2382 547 2439 naulum
571 2388 662 2439 mater
681 2399 726 2451 ge-

140 2457 212 2515 nuit.
229 2456 336 2512 nudum
353 2454 477 2525 susrepit
494 2454 627 2513 derlesia.
647 2453 727 2512 dives

140 2527 318 2585 intrarevelit
331 2527 358 2581 in
372 2526 491 2581 rrrlnml
508 2550 522 2578 »
535 2528 596 2582 limo
606 2528 724 2583 ‚lmdro-

140 2603 209 2657 atreo.
227 2599 277 2655 ult
295 2598 409 2655 attende
425 2599 511 2668 qnod,
534 2599 649 2667 errando
664 2600 727 2667 ouis

139 2671 200 2728 rull
214 2672 319 2727 hahere
338 2669 472 2738 divitias;
489 2678 517 2727 et
539 2687 596 2727 uon
612 2671 726 2742 quidem
749 2618 753 2753 1

139 2742 170 2800 in
186 2741 227 2800 eis
241 2742 425 2807 confidendo,
438 2744 480 2799 rel
497 2742 584 2799 linem
608 2747 635 2798 et
647 2758 727 2813 spem

142 2814 352 2883 constituendo,
380 2814 430 2870 sed
450 2819 546 2870 tamen
565 2814 670 2871 utendo
686 2812 727 2868 eis
750 2768 753 2895 i

141 2888 275 2956 allicitur,
292 2893 321 2943 et
339 2903 403 2943 eum
426 2903 535 2956 amore,
555 2886 625 2943 eitra
638 2888 728 2943 Deum

138 2976 188 3017 eas
214 2958 339 3032 posidet
357 2958 416 3027 ;ita
452 2958 526 3030 quod
556 2975 573 3015 a
601 2959 753 3033 perleeto¹

142 3049 241 3089 amore
259 3030 308 3089 Dei
324 3037 352 3089 et
371 3031 461 3088 littera
485 3032 603 3103 sequela
623 3028 726 3088 Clrristi

140 3102 304 3175 aliqualiter
328 3102 484 3172 impeditur
513 3102 577 3158 :sie
611 3101 728 3158 dillleile

138 3191 260 3245 regnum
288 3175 424 3231 cetorum
455 3172 626 3243 ingreditur.
659 3173 726 3243 Sed,

141 3246 256 3317 quando
271 3246 333 3314 quis
348 3244 466 3301 conlidit
478 3243 506 3300 in
522 3244 637 3313 divitiis,
656 3249 684 3300 et
697 3244 728 3300 in

139 3316 148 3373 i
170 3317 208 3373 sis
224 3316 310 3372 fldem
326 3323 354 3371 et
367 3331 446 3385 spem
467 3316 624 3383 eonstiterit,
640 3321 671 3373 ut
686 3315 729 3372 in-

161 3405 176 3443 e
189 3387 333 3458 superbiat
346 3392 373 3442 et
389 3385 528 3451 lasririat,
540 3386 668 3443 retinens
678 3403 728 3444 eas

141 3458 245 3528 cupido
260 3463 288 3513 el
300 3457 474 3523 inordinate,
490 3473 554 3513 eum
568 3473 665 3513 amore
680 3476 727 3515 su·

140 3545 195 3657 pra
215 3531 314 3593 Deum.
331 3546 383 3585 neo
397 3529 432 3584 ad
444 3544 550 3597 effrenos
567 3545 668 3585 rnanus
683 3546 728 3585 ex-

154 3601 264 3657 endens
280 3620 289 3656 ε
307 3602 347 3657 sie
360 3599 536 3672 impossibile
547 3605 590 3657 est
605 3617 670 3657 eum
686 3601 729 3657 in-

139 3676 216 3729 trare
244 3671 273 3727 in
307 3688 427 3737 reanum
460 3672 612 3729 caelorum.
646 3673 726 3729 Unde

139 3744 217 3817 qnod
232 3741 302 3800 dixit
318 3743 444 3809 dillleile,
470 3754 601 3816 respectu
617 3743 724 3813 divitis,

139 3814 231 3889 primo
252 3816 352 3885 modo;
381 3817 448 3872 dieit
473 3815 659 3887 imposibile,
679 3833 725 3873 re-

138 3894 237 3959 apertu
261 3887 366 3957 divitis,
391 3888 517 3945 serundo
538 3889 633 3945 modo.
652 3890 725 3957 Quo·

138 3960 224 4017 modo
249 3976 317 4031 ergo
340 3960 454 4033 plurimi
483 3960 585 4017 divites
604 3977 725 4029 regnum
748 3990 751 3995 ·

136 4032 185 4089 Dei
201 4031 452 4099 intraverunt‚nisi
468 4031 546 4103 quia,
564 4034 622 4088 Deo
635 4032 720 4103 inspi-

136 4110 229 4175 rante,
246 4122 298 4189 pro
313 4104 403 4162 nihilo
416 4103 530 4161 divitias
542 4104 726 4161 habuerunt?

135 4176 277 4249 Numquid
285 4176 375 4235 llarid
388 4178 416 4233 in
431 4174 537 4234 divitiis
547 4176 721 4246 confidebat,

136 4248 232 4321 quide
255 4249 350 4323 seipso
375 4265 490 4315 canons,
504 4247 544 4304 ait
561 4264 568 4303 t
587 4251 646 4317 Epo
660 4264 722 4305 uero

136 4334 235 4387 toruus
250 4326 276 4378 et
288 4338 396 4393 pauper
408 4323 492 4380 rum?
512 4319 592 4379 Alius
609 4334 722 4393 quoque

480 328 642 383 secutura
670 325 789 381 rlttrts
816 324 921 377 ctrtu
948 322 1015 375 xtlt

776 442 919 507 hortatur,
934 437 1032 493 direns
1046 455 1056 492 ε
1071 437 1194 493 Divitia)
1208 439 1236 492 si
1246 436 1355 505 amauri.

777 516 913 570 noliteeor
922 526 1068 583 opponere.
1082 510 1167 567 Unde
1180 512 1355 580 depertinet:

778 606 792 639 o
811 584 930 643 Divitem
947 598 1014 649 ergo
1029 582 1077 638 uie
1096 583 1231 655 appellat
1245 583 1356 655 rapidum

777 673 874 716 rerum
898 654 1112 719 temporalium.
1143 661 1175 711 et
1207 657 1244 713 de
1271 657 1356 713 talilus

778 729 989 802 superbientem
1002 744 1009 795 ;
1022 726 1066 783 tds
1079 727 1227 785 divitibus
1242 729 1356 787 contrarii

778 807 844 861 sunt
868 815 1007 874 pauperes
1035 798 1155 870 spiritu.
1177 818 1302 873 quorum
1324 808 1357 859 ed

778 890 898 939 reanum
907 872 1043 929 roelorum
1061 888 1068 927 :
1081 893 1096 922 u
1108 873 1176 929 hare
1188 878 1357 941 Arrqrrstturu.

777 946 860 1004 Aliud
876 950 919 1001 est
934 943 1045 1000 divitias
1059 944 1188 1016 habere,
1206 948 1284 1005 aliud
1300 964 1359 1004 ana-

777 1035 819 1076 re.
829 1018 906 1074 llulti
920 1018 1035 1083 habent,
1049 1019 1075 1070 ot
1089 1033 1148 1073 non
1165 1025 1284 1085 amant:
1296 1018 1358 1075 multi

780 1108 836 1147 non
856 1091 973 1149 halrent.
992 1093 1021 1144 et
1036 1095 1148 1146 amant.
1168 1094 1256 1157 ltern,
1268 1092 1359 1151 alilha·

779 1164 858 1221 bont.
875 1169 902 1218 et
919 1166 1016 1217 amant
1030 1159 1095 1225 :alii
1112 1178 1171 1219 nee
1187 1165 1306 1229 haltere,
1319 1180 1358 1222 net

780 1251 877 1292 amaro
901 1251 930 1290 se
948 1233 1086 1303 paridem,
1116 1238 1169 1299 irari
1199 1237 1293 1294 ultimi
1305 1235 1359 1295 tuti·

779 1323 844 1363 ores
857 1310 933 1373 sunl,
949 1312 978 1361 et
992 1321 1054 1361 eum
1071 1307 1163 1361 l'aulo
1184 1309 1359 1381 Apostololi-

779 1395 842 1436 cere
865 1384 984 1450 possunt
1004 1396 1011 1433 :
1029 1379 1101 1432 ltili
1114 1382 1245 1436 rotrodus
1268 1384 1361 1451 erurip·

779 1456 898 1519 aliaest,
915 1456 939 1505 el
954 1466 1001 1519 epo
1025 1451 1127 1506 munde
1159 1454 1245 1509 Unde
1262 1456 1361 1517 auidam

780 1522 968 1595 philosophus
985 1519 1025 1577 ait
1045 1538 1052 1576 :
1071 1522 1151 1579 Liret
1170 1524 1250 1583 inter
1265 1526 1361 1582 diuitias

779 1611 843 1653 esse
858 1610 1013 1679 pauperem
1029 1612 1036 1653 :
1064 1611 1118 1651 nee
1134 1598 1235 1669 maior
1251 1606 1293 1655 eet
1315 1598 1361 1659 ille.

780 1667 827 1740 qui
842 1683 882 1723 sre
898 1665 986 1722 utitur
998 1665 1135 1723 fictilibus
1153 1668 1231 1726 sieut
1246 1676 1363 1743 argente.

779 1756 832 1796 nee
852 1738 946 1795 minor
969 1738 1016 1794 ille
1040 1738 1089 1804 eui
1104 1738 1146 1794 sir
1162 1748 1289 1803 ararento
1302 1741 1364 1799 sieut

780 1811 915 1868 sutilibus
930 1808 1029 1867 ulitur.
1044 1811 1107 1878 Vel,
1128 1811 1248 1871 facilius
1264 1816 1309 1871 hir
1321 1812 1363 1871 mi·

779 1900 834 1940 nris
850 1882 991 1951 signifieat
1008 1883 1130 1939 resitire
1158 1886 1204 1941 sui
1224 1886 1362 1953 contrarii,

779 1954 861 2011 idest
873 1954 964 2010 minus
980 1953 1096 2012 dilllrile
1111 1962 1168 2012 est.
1187 1960 1287 2014 roten
1301 1958 1365 2014 enim

781 2026 856 2084 lleus
868 2027 962 2082 luere
982 2033 1013 2082 ut
1028 2032 1158 2084 transeat
1180 2030 1311 2088 eumelus
1324 2044 1367 2101 per

780 2098 908 2156 toramen
925 2114 1003 2161 aruo.
1026 2099 1104 2155 nullo
1120 2100 1285 2159 obstante:
1311 2118 1366 2159 ara·

780 2186 936 2237 renitere,
952 2169 999 2239 qrri
1016 2170 1062 2226 lrir
1085 2171 1206 2230 nornine
1222 2173 1319 2230 «linitis
1331 2174 1364 2229 in·

780 2242 1038 2310 lolliuiturponere
1054 2242 1081 2298 in
1098 2243 1300 2314 alorianr‚etsi
1314 2250 1364 2317 put·

780 2320 825 2370 est
839 2315 874 2370 de
885 2316 1025 2385 potentia,
1042 2331 1100 2370 non
1115 2322 1217 2372 tamen
1247 2318 1285 2375 de
1296 2317 1364 2387 pnn-

781 2389 831 2453 tia,
848 2401 911 2456 urin»
924 2386 1069 2441 rerlanrat.
1084 2388 1206 2453 Oportet
1217 2391 1298 2448 enim
1313 2406 1365 2447 ara·

781 2474 843 2514 rum
858 2474 984 2513 amorem
1000 2474 1086 2529 opum
1101 2458 1265 2525 dimittere.
1281 2462 1304 2519 si
1319 2461 1366 2517 rull

781 2530 817 2585 ad
833 2531 919 2584 ritem
943 2530 1057 2586 intrare.
1079 2531 1139 2593 l'el,
1164 2536 1298 2590 camelus
1319 2550 1365 2589 non

781 2607 874 2674 potest
887 2600 994 2656 intrare
1004 2608 1031 2656 rt
1048 2603 1171 2658 transire
1181 2621 1236 2676 per
1246 2606 1366 2663 toramen

782 2689 860 2739 arus,
872 2672 927 2728 nisi
939 2671 1082 2728 dividatur
1094 2690 1147 2744 per
1162 2678 1365 2750 nrultaspartes

783 2744 927 2811 minutns;
943 2747 1016 2812 otrrrd
1035 2744 1145 2801 tantun<
1163 2755 1219 2808 est.
1235 2748 1365 2819 quamdi·

782 2816 869 2872 ritem
886 2816 914 2871 in
935 2815 1041 2872 divitiis
1053 2817 1267 2885 ronddentem,
1283 2828 1309 2877 et
1323 2836 1366 2893 per

783 2904 910 2945 amorem
931 2888 972 2943 eis
994 2888 1197 2949 inluerentem.
1216 2891 1326 2949 intrare
1343 2892 1368 2947 in

784 2975 901 3027 regnunt
919 2962 1070 3023 rtelnr·rrnr;
1094 2962 1161 3030 quia
1177 2961 1250 3019 illud
1268 2972 1308 3021 est
1323 2963 1367 3019 ali-

784 3048 839 3100 eno
853 3032 937 3088 modo
954 3031 1097 3097 possibile,
1109 3032 1186 3089 istud
1198 3035 1366 3107 inpossibile.

783 3103 844 3160 Vel.
869 3108 898 3158 nt.
917 3103 1028 3172 dieitur,
1044 3103 1177 3174 quadam
1202 3115 1289 3176 porta
1315 3111 1369 3163 erat

783 3174 811 3231 in
836 3175 1266 3246 terriaatern,q1nedit-ebatur
1290 3180 1365 3243 deus,

784 3262 835 3316 per
848 3247 929 3317 eujus
945 3247 1071 3303 toramen
1088 3264 1144 3303 non
1170 3248 1228 3305 nisi
1245 3250 1367 3321 deposito

783 3333 872 3376 onere
897 3322 926 3374 et
944 3317 1023 3374 lteris
1046 3319 1169 3389 renibus
1191 3326 1309 3393 poterat
1328 3322 1366 3378 in·

784 3397 861 3445 trare
876 3390 1017 3456 camelus:
1046 3389 1087 3445 sie
1111 3396 1140 3447 el
1155 3408 1209 3449 nee
1227 3394 1308 3452 diues
1321 3406 1365 3467 per

784 3460 857 3516 riam
870 3466 976 3517 aretam
989 3468 1083 3531 potest
1094 3462 1204 3535 intrare
1213 3465 1244 3521 in
1256 3478 1367 3539 regnum

783 3532 930 3599 colorum,
948 3531 1000 3589 nisi
1019 3534 1157 3606 depositis
1183 3537 1306 3605 divitiis,
1326 3534 1363 3592 rel

781 3620 834 3675 per
862 3604 1051 3674 abjeetionem
1081 3623 1130 3663 eas
1172 3608 1365 3681 relinquendo,

783 3677 825 3732 rel
846 3677 946 3734 saltem
959 3693 1011 3748 per
1028 3679 1237 3749 subjectionem
1255 3698 1304 3739 eas
1317 3693 1366 3736 nou

781 3747 915 3830 amando,
949 3750 1009 3817 Vel,
1035 3766 1086 3820 per
1110 3752 1266 3821 carnelum,
1296 3752 1365 3823 eujus

782 3835 897 3875 unreom
913 3825 941 3876 et
955 3820 1098 3887 singulare
1106 3822 1234 3880 ollii-ium
1248 3832 1292 3881 est
1305 3837 1364 3879 rone·

780 3907 812 3947 re
826 3899 954 3962 portare,
970 3892 999 3947 hi
1019 3893 1223 3959 intelliguntur
1238 3896 1288 3967 qui
1301 3910 1361 3969 per·

780 3970 908 4020 natorum
924 3965 1051 4037 pondere
1068 3974 1298 4037 praegravantur.
1315 3968 1364 4022 Fa·

779 4033 861 4090 cilius
874 4041 917 4091 est
940 4052 1009 4093 eruo
1027 4038 1181 4107 romeiam,
1197 4038 1226 4094 id
1250 4046 1295 4095 est
1312 4036 1363 4093 ali-

777 4122 863 4234 ?uem
877 4108 957 4164 valde
973 4116 1167 4179 recederem,
1181 4112 1309 4167 transire
1320 4122 1364 4181 prr

790 4195 906 4235 oramen
922 4196 999 4248 arus,
1014 4179 1042 4235 id
1055 4188 1097 4238 est
1122 4198 1176 4253 per
1203 4188 1315 4239 aretam
1337 4182 1362 4237 el

778 4254 927 4321 angustam
941 4251 1028 4321 riam,
1044 4268 1107 4325 quae
1121 4252 1199 4310 ducit
1215 4254 1253 4310 ad
1270 4254 1362 4319 vitam,

776 4336 863 4393 quam
892 4321 1009 4381 divitem
1041 4324 1175 4399 cupidum
1195 4324 1306 4385 intrare
1332 4325 1358 4380 tn
