2820 4928
419 376 459 428 llll
485 372 609 430 ibitis
636 374 840 438 tinitonis,
870 375 942 429 tre.
1281 380 1311 434 ts

69 486 225 544 uoluntatis
238 500 307 551 suae,
325 497 358 539 ac
372 485 484 553 regeret
496 496 528 537 se
539 481 657 555 propria

67 560 229 616 uoluntate.
252 559 288 612 Bt
315 555 413 610 diuisit
438 554 499 609 illie
526 554 658 610 snbstan-

69 629 223 700 tiemonis
234 626 367 683 Dominus
378 624 453 681 dona
463 624 659 682 suaomnibus

68 699 200 773 largitur,
210 698 273 755 licet
287 696 487 761 diversimode,
498 702 527 752 et
540 695 660 753 dimittit

69 772 224 854 quemlibet
247 785 331 840 agere
359 767 519 825 secuudum
545 767 658 824 arbitrii

69 843 238 900 libertatem.
253 842 462 898 Adolescentior
479 855 548 895 vero
568 841 657 908 titius,

66 931 121 970 non
135 918 199 986 post
210 915 311 969 multos
324 914 394 981 dies,
414 914 589 980 congregatis
603 927 658 966 om·

65 987 158 1054 nibus,
177 1001 289 1057 peregre
306 986 448 1056 protectus
467 988 508 1038 cst
520 985 552 1036 in
569 984 658 1051 regio·

65 1074 128 1113 nem
161 1057 354 1128 longinquam,
374 1070 440 1111 ,non
470 1052 613 1120 localiter,
641 1068 659 1110 a

67 1131 127 1187 ileo
142 1129 228 1185 Patre
240 1126 361 1194 coelesti,
378 1127 426 1198 qui
440 1123 546 1194 ubique
561 1128 603 1179 est
614 1139 658 1179 re·

64 1201 198 1267 cedens,
225 1200 276 1255 sed
304 1213 357 1268 per
392 1194 660 1266 multiplicationem

65 1269 179 1343 peccati
194 1286 226 1325 se
241 1286 259 1326 a
280 1271 378 1333 Patre,
392 1272 422 1322 et
438 1267 537 1336 patriae
553 1263 660 1320 coelesti

69 1346 226 1411 etongans;
241 1345 267 1395 et
294 1340 346 1405 tbi,
360 1336 470 1392 scilicet
491 1338 519 1392 in
543 1335 660 1406 regione

68 1409 193 1485 peccati,
204 1411 356 1481 dissiparit
369 1408 554 1463 substantiam
569 1423 657 1475 cnam,

65 1497 122 1555 per
137 1486 283 1553 peccatum
300 1482 375 1537 bona
389 1478 488 1550 gratiae
499 1477 656 1551 perdendo,

65 1560 95 1611 et
122 1554 199 1609 bona
222 1559 334 1608 naturae
356 1549 523 1622 pej0rando,
540 1551 655 1604 uiuendo

64 1627 211 1681 luxuriose
232 1621 343 1679 luxuria
363 1620 501 1688 interiori,
522 1635 586 1690 qum
612 1624 655 1676 est

62 1694 219 1755 fornicatio
233 1711 247 1751 s
270 1691 401 1752 iritualis.
414 1698 443 1749 ct
458 1691 578 1748 maxime
594 1690 655 1748 ido·

64 1766 191 1830 lolatria,
207 1772 236 1822 et
249 1710 361 1822 fusuris
373 1763 516 1831 citeriori,
533 1779 597 1834 quae
609 1770 654 1820 est

62 1837 216 1895 fornicatio
246 1836 403 1910 corporalis
431 1839 460 1892 et
490 1834 650 1891 manitesta.

64 1912 203 1966 Peccator
227 1925 295 1980 ergo
318 1923 336 1963 n
356 1908 440 1963 Patre
464 1923 517 1963 suo
543 1905 652 1962 coelesti

63 1979 184 2046 recedit,
197 1980 308 2051 quando
319 1978 478 2036 mortaliter
492 1983 608 2049 peccat;
625 1983 655 2034 et

64 2057 134 2109 tunc
158 2051 188 2107 in
211 2051 327 2123 regione
347 2050 505 2121 longinqua
518 2052 573 2118 est,
587 2047 655 2120 quic

63 2123 112 2180 lon
134 2139 150 2179 e
165 2128 208 2179 est
224 2138 241 2179 a
255 2121 452 2194 peccatoribus
464 2121 557 2188 salus;
570 2126 599 2176 et
612 2125 654 2176 ta·

62 2195 100 2251 lis
114 2139 259 2251 fuiuriose
272 2195 415 2250 consumit
425 2208 505 2249 suain
520 2192 653 2249 substan·

63 2268 146 2330 tiam,
161 2265 276 2337 quando
301 2280 402 2322 sensus
428 2280 495 2321 suos
520 2269 549 2319 et
576 2262 654 2320 sires

62 2336 206 2394 convertit
226 2337 262 2393 ad
288 2334 433 2393 maiitiam.
452 2338 488 2392 Et
504 2338 654 2417 postquam

63 2412 291 2476 consummasset,
308 2408 337 2464 id
359 2413 402 2464 est
420 2409 652 2478 consumpsisset,

64 2482 160 2536 omnin
175 2483 345 2536 ornamenta
364 2482 483 2548 naturae,
499 2486 558 2534 tam
573 2482 655 2534 natu·

64 2551 140 2607 ralia
155 2566 241 2621 quam
254 2549 388 2623 gratuita,
403 2552 482 2618 facte
500 2554 542 2605 cst
563 2551 654 2617 tamea

62 2622 163 2677 ualido
175 2624 206 2677 in
216 2625 326 2692 regione
339 2623 401 2690 itta,
411 2621 478 2694 quie
494 2622 523 2677 in
535 2619 653 2692 regione

61 2692 173 2767 peccati
202 2693 235 2749 tit
259 2707 379 2763 magnus
403 2693 530 2750 detectus
554 2690 652 2764 pabuli

62 2764 167 2834 divini,
189 2769 218 2821 et
248 2764 339 2820 tames
367 2765 506 2821 bonorum
533 2779 652 2836 operum

63 2844 152 2907 atoue
169 2834 327 2901 virtutum:
343 2839 368 2891 et
391 2838 450 2963 igse
469 2838 549 2906 cepit
564 2851 651 2904 egere,

63 2907 174 2964 scilicet
193 2906 385 2978 spiritualibus
419 2906 481 2962 onis
498 2913 527 2963 et
542 2905 654 2961 virtuti·

62 2980 130 3048 bus,
145 2994 246 3036 eurum
270 2979 345 3035 tonte
366 2977 483 3045 relicto,
503 2991 571 3032 nam
596 2974 654 3032 eii·

66 3055 147 3106 stens
172 3048 203 3104 in
229 3048 340 3106 mortali
360 3054 478 3122 peccato
505 3047 540 3103 tlt
569 3060 656 3117 egens

65 3121 149 3176 omni
172 3118 310 3191 spirituali
337 3121 424 3178 bono.
441 3122 478 3176 Et
500 3118 582 3181 abitt,
604 3115 657 3172 sci·

66 3191 135 3248 licet
156 3192 282 3262 prolecto
301 3191 419 3254 erroris,
433 3190 513 3246 etde
532 3188 607 3244 malo
626 3187 655 3244 in

62 3263 148 3337 pejus
166 3263 288 3327 ruendo,
305 3270 331 3320 et
351 3264 468 3318 adhaesit
488 3264 539 3317 uni
553 3262 654 3316 citrium

61 3337 187 3404 regionis
208 3337 299 3403 illins,
326 3333 433 3391 scilicet
458 3332 583 3398 diabolo,
605 3330 653 3404 qui

63 3413 109 3464 est
123 3405 194 3462 civis
209 3405 237 3462 in
252 3408 372 3478 regione
391 3405 483 3461 unibae
498 3403 597 3461 mortis
609 3421 616 3472 ;
628 3409 655 3460 et

61 3478 117 3534 iste
130 3481 208 3533 misit
220 3479 301 3533 illam
314 3481 344 3533 in
355 3478 453 3533 uittam
465 3492 556 3537 suom.
568 3475 598 3532 id
610 3480 655 3532 est

63 3549 94 3606 in
105 3547 292 3621 cupiditatem
302 3548 486 3615 mundanam,
496 3548 540 3603 rel
552 3546 582 3603 in
590 3562 653 3620 pec-

63 3618 655 3687 catorumsocietateminouadominatur

61 3692 137 3749 sicut
151 3691 181 3747 in
196 3693 314 3763 propria
328 3690 405 3751 villa.
418 3697 450 3745 ut
460 3696 584 3762 pasceret
591 3707 654 3762 por·

62 3780 118 3832 cos,
128 3763 157 3819 id
169 3767 214 3819 est
225 3762 294 3820 vitia
304 3776 368 3834 quae
378 3761 477 3818 ioetida
491 3767 592 3819 suntet
603 3761 654 3818 im·

63 3835 186 3892 munda.
202 3837 239 3890 Et
256 3835 385 3906 cupiebat
396 3834 510 3905 implere
523 3839 655 3905 uentrem,

64 3905 172 3963 animae
192 3904 300 3962 scilicet
315 3905 460 3973 allectum,
487 3904 521 3959 dc
543 3906 657 3976 siliquis

63 3993 135 4049 qnos
145 3977 446 4048 porcimandncabant,
454 3974 484 4032 id
493 3978 537 4032 est
546 3975 580 4032 de
591 3975 654 4032 cibo

63 4064 234 4121 porrorum,
251 4047 298 4120 qui
311 4047 513 4105 estcernalitas
524 4064 532 4116 3
543 4053 569 4103 et
579 4062 657 4103 nemo

64 4122 112 4175 iili¹
122 4120 220 4183 debat.
235 4119 345 4176 scilicet
356 4120 392 4176 ad
407 4118 578 4183 satietatem,
589 4117 657 4190 quia

63 4197 167 4248 venter
179 4190 332 4274 impiorum
343 4198 385 4248 cst
395 4189 581 4260 insatiabilis;
597 4189 655 4246 dae·

63 4278 167 4320 mones
179 4278 258 4320 enim
279 4263 383 4320 adhoc
397 4262 526 4331 student,
542 4276 578 4318 ne
593 4277 656 4319 uiu-

63 4349 153 4407 quani
167 4334 303 4392 saturitas
315 4332 622 4407 malorumproreniat.

129 4429 201 4483 Vina
213 4430 282 4484 lesu
292 4431 411 4493 canteri,
422 4442 509 4481 rosus
523 4427 574 4480 lll.

760 502 790 540 ia
807 484 936 539 Docerra
952 498 1089 538 recciron
1108 500 1174 546 ocio
1192 503 1244 542 sioi
1260 506 1313 545 ri·

720 571 836 611 crespeii
863 572 897 612 cr
917 572 952 611 in
971 555 1050 610 Decii
1071 571 1257 615 nereniircn.
1276 591 1311 601 -

719 628 753 682 ln
767 641 796 682 se
814 631 903 682 nutem
916 641 1052 689 mersas,
1067 624 1096 681 id
1119 632 1164 682 est
1186 629 1223 684 ad
1246 647 1308 700 pro

721 696 1309 769 priamsuamconscientiamperratioiiis

721 769 873 836 dictamen,
887 784 905 826 a
918 784 975 840 qua
987 776 1147 826 recesserat
1159 773 1308 842 sequendo

721 839 956 908 sensualitatem
975 841 1062 896 bomo
1089 840 1210 898 enimin
1240 861 1309 916 pec·

720 911 813 967 cando
826 918 905 967 eitra
914 927 945 967 se
956 911 1111 982 egreditur.
1122 913 1191 984 quia
1203 913 1308 974 limites

720 988 807 1038 recte
822 982 941 1039 rationis
957 983 1184 1054 transgreditur:
1199 992 1228 1042 et
1243 986 1308 1045 ideo

771 1053 930 1110 nitendoad
952 1052 1245 1124 seipsumrerertitur.
1257 1060 1308 1116 ue-

744 1124 1311 1198 etautcmpoenitens,secundumtlrepo·

723 1197 800 1249 riam
826 1209 1031 1266 recognoscere
1048 1195 1095 1251 ubi
1118 1196 1183 1263 tuit,
1198 1198 1264 1269 quia
1282 1200 1313 1256 in

723 1270 852 1337 peccato.
874 1271 902 1321 et
928 1263 993 1321 ideo
1019 1265 1103 1322 debet
1125 1267 1239 1336 dolere;
1263 1268 1312 1327 ubi

723 1336 789 1403 erit,
806 1335 872 1408 quia
895 1336 925 1392 in
947 1335 1067 1407 judicio,
1083 1341 1113 1392 et
1141 1336 1206 1394 ideo
1228 1339 1313 1397 debet

723 1407 840 1474 timere;
854 1406 902 1463 ubi
926 1405 1065 1477 estquis
1088 1406 1118 1463 in
1141 1408 1267 1479 miseria,
1282 1418 1312 1470 et

719 1477 786 1535 ideo
815 1478 901 1535 debet
935 1480 1141 1560 ingemiscere;
1173 1485 1219 1537 ubi
1252 1500 1309 1541 non

719 1553 849 1621 estquis
864 1553 891 1606 in
910 1550 1013 1621 gloria,
1026 1555 1055 1605 et
1073 1549 1138 1607 ideo
1151 1551 1237 1610 debet
1255 1571 1306 1612 su·

717 1621 838 1693 spirare.
861 1625 894 1679 In
913 1636 1026 1693 mergo
1051 1638 1186 1689 reuersas,
1214 1626 1307 1696 dicit,

717 1692 881 1764 poenitendo
904 1693 940 1748 de
959 1692 1084 1764 peccatis
1104 1701 1134 1751 et
1157 1695 1305 1755 dolendo:

716 1767 820 1832 Quanti
844 1767 1017 1831 mercenarii,
1041 1763 1070 1821 id
1097 1772 1142 1822 est
1168 1768 1227 1824 Deo
1250 1786 1310 1826 ser·

715 1836 824 1892 vientes
842 1852 894 1907 pro
917 1835 1048 1892 mercede
1067 1842 1186 1903 aetema,
1202 1843 1231 1895 tn
1256 1841 1306 1897 do·

715 1924 759 1964 mo
775 1910 946 1980 pobtsmet,
961 1907 989 1962 id
1006 1907 1092 1964 estin
1113 1909 1239 1967 Ecclesia
1258 1928 1309 1969 seu

716 1977 938 2049 congregatione
974 1978 1137 2048 justorum,
1164 1981 1309 2039 abundant

714 2051 838 2121 panibus
864 2047 1072 2120 spiritualibus,
1096 2049 1206 2107 scilicet
1228 2051 1306 2109 verbi

717 2119 817 2189 divini,
841 2125 870 2177 et
883 2118 1067 2176 Eucharistiae
1080 2123 1262 2193 sacrementi,
1273 2140 1307 2182 ac

716 2192 846 2264 pluribus
860 2190 1013 2248 virtutibus
1024 2207 1134 2249 necnon
1145 2192 1245 2263 donis;
1259 2212 1308 2265 epo

716 2270 807 2320 nutem
821 2265 867 2319 bie
881 2265 957 2331 tome
975 2279 1066 2335 pereo,
1087 2263 1116 2320 id
1130 2270 1175 2322 est
1187 2266 1308 2337 penuria

716 2334 809 2391 omnis
822 2334 901 2397 boni,
919 2350 974 2406 quo
986 2333 1127 2407 privatum
1142 2352 1188 2393 me
1198 2338 1306 2395 sentiol

715 2409 808 2475 Sarno
836 2407 923 2478 igitur
935 2405 970 2461 de
992 2410 1052 2463 tuto
1072 2409 1174 2479 culpae,
1188 2424 1242 2489 per
1261 2408 1305 2465 in·

716 2476 862 2534 fidelitatis
875 2477 919 2532 vel
937 2478 1044 2547 peccati
1066 2477 1304 2537 derelictionem:

716 2549 783 2621 quia
792 2550 921 2621 jacebat;
935 2555 960 2604 et
973 2548 1028 2611 ito,
1043 2563 1095 2620 per
1109 2557 1242 2606 conatum
1257 2551 1307 2607 be·

716 2637 752 2677 ne
774 2617 923 2692 operandi,
949 2624 978 2675 et
997 2635 1048 2691 per
1066 2619 1306 2693 meliorationem,

715 2691 783 2765 quin
803 2692 889 2762 longe
908 2691 1016 2754 aberat,
1032 2692 1071 2746 nd
1086 2699 1192 2763 petrem
1205 2708 1306 2763 meum,

716 2780 734 2820 a
749 2779 805 2834 quo
827 2777 1002 2819 recesseram
1015 2778 1023 2828 ;
1039 2761 1107 2833 quia
1121 2764 1174 2820 sub
1189 2763 1306 2820 diabolo

716 2833 845 2905 principe
859 2847 1011 2903 porcorum
1022 2838 1084 2886 erat
1099 2848 1107 2901 ;
1124 2838 1149 2887 et
1162 2834 1254 2888 dicum
1268 2837 1305 2903 et,

718 2901 952 2972 recognoscendo
966 2907 1090 2982 culpam²
1102 2906 1131 2955 ct
1144 2903 1193 2970 ipsi
1208 2909 1306 2972 peten-

720 2975 756 3029 do
769 2971 902 3027 reniam:
920 2974 1013 3035 Pater,
1030 2971 1137 3027 sciticet
1156 2987 1189 3027 ex
1206 2978 1310 3032 natura

719 3057 806 3115 quain
833 3041 934 3098 dedisti
957 3040 1038 3107 mihi,
1061 3045 1182 3114 peccam,
1198 3043 1307 3104 seilicet

720 3116 795 3171 mate
810 3112 941 3183 virendo,
952 3116 984 3169 tn
997 3115 1102 3183 celum,
1114 3111 1196 3171 idest
1209 3131 1305 3176 coram

719 3184 827 3243 coelesti
841 3187 926 3245 curia.
942 3184 1102 3243 scilicetbn
1123 3185 1175 3244 etis
1187 3189 1293 3248 sanctis

718 3264 746 3316 et
757 3257 953 3341 ideoomuttum
967 3258 1058 3341 debeo
1070 3202 1168 3341 deffere
1184 3267 1212 3318 et
1225 3235 1304 3337 ttere:

718 3345 785 3404 quia
805 3346 846 3387 sic
869 3345 918 3387 eos
939 3336 1119 3401 contristarem
1143 3333 1304 3405 specialiter

717 3408 851 3476 peccator
874 3408 971 3475 peccat
993 3402 1022 3459 in
1048 3404 1188 3476 Angelum
1213 3417 1304 3467 custo·

717 3476 782 3532 dom
807 3490 901 3545 suum,
917 3476 985 3547 quia
1001 3483 1112 3549 spernit
1126 3478 1190 3550 ejus
1210 3481 1304 3538 consi-

717 3548 802 3615 lium;
816 3548 861 3602 ret
870 3551 983 3619 peccavi
995 3547 1024 3604 iii
1035 3550 1148 3618 cretum,
1161 3553 1237 3632 quod
1251 3552 1304 3609 sci·

716 3618 783 3675 licet
796 3635 848 3691 per
864 3619 975 3690 culpam
993 3635 1086 3677 ineam
1100 3624 1193 3690 amisi,
1211 3629 1240 3679 et
1253 3641 1304 3696 per

717 3706 810 3747 meam
827 3682 1105 3819 negligentiam'non
1124 3696 1260 3766 qumsiii3
1278 3701 1304 3752 et

717 3778 808 3818 coram
822 3767 858 3832 te,
874 3766 913 3818 sci
927 3769 982 3820 icet
1000 3764 1113 3822 ridente
1132 3772 1161 3822 et
1184 3768 1303 3838 sciente,

716 3832 803 3890 idest
818 3834 846 3889 in
865 3836 926 3905 ipso
945 3834 1125 3894 conscientie
1144 3852 1216 3894 meae
1235 3854 1304 3894 con·

717 3904 800 3974 clari,
816 3905 863 3963 ubi
879 3908 921 3963 tui
939 3907 1036 3978 solius,
1049 3910 1098 3979 qui
1117 3911 1208 3966 ludex
1224 3924 1304 3964 meus

718 3993 759 4044 es,
774 3983 925 4049 penetrant
943 3979 1037 4050 ocuti;
1052 3984 1081 4035 et
1101 3979 1164 4035 ideo
1183 3979 1303 4033 multum

718 4049 808 4105 debeo
837 4049 1005 4108 erubescere
1033 4057 1062 4107 et
1090 4050 1204 4116 timere,
1236 4046 1304 4116 quia

718 4121 832 4192 peccari
855 4127 922 4177 ante
947 4121 1043 4178 oculos
1068 4117 1177 4174 Judicis
1201 4123 1305 4175 cuncta

719 4193 870 4250 cernentis.
888 4193 938 4248 llic
953 4193 1072 4247 docetur
1090 4186 1191 4243 modus
1213 4187 1304 4244 conil-

720 4263 810 4331 tendi,
837 4262 887 4334 qui
911 4269 954 4319 est
983 4257 1061 4331 quod
1088 4273 1172 4314 omne
1196 4258 1303 4319 bonum

721 4334 912 4390 attribuamus
927 4334 996 4402 Deo,
1014 4330 1089 4401 quod
1107 4333 1225 4387 notatur
1238 4330 1277 4391 ibi
1294 4350 1302 4392 ε

1225 4429 1240 4481 i
