<?xml version="1.0" encoding="UTF-8"?>
<!DOCTYPE html PUBLIC "-//W3C//DTD XHTML 1.0 Transitional//EN"
    "http://www.w3.org/TR/xhtml1/DTD/xhtml1-transitional.dtd">
<html xmlns="http://www.w3.org/1999/xhtml" xml:lang="en" lang="en">
 <head>
  <title>
</title>
<meta http-equiv="Content-Type" content="text/html;charset=utf-8" />
  <meta name='ocr-system' content='tesseract 3.04.00' />
  <meta name='ocr-capabilities' content='ocr_page ocr_carea ocr_par ocr_line ocrx_word'/>
</head>
<body>
  <div class='ocr_page' id='page_1' title='image "./vitajesuchristi01ludogoog_0159.png"; bbox 0 0 2820 4928; ppageno 0'>
   <div class='ocr_carea' id='block_1_1' title="bbox 149 346 192 400">
    <p class='ocr_par' dir='ltr' id='par_1_1' title="bbox 149 346 192 400">
     <span class='ocr_line' id='line_1_1' title="bbox 149 346 192 400; baseline -0.047 -1"><span class='ocrx_word' id='word_1_1' title='bbox 149 346 192 400; x_wconf 71' lang='grc'><strong>148</strong></span> 
     </span>
    </p>
   </div>
   <div class='ocr_carea' id='block_1_2' title="bbox 148 448 758 522">
    <p class='ocr_par' dir='ltr' id='par_1_2' title="bbox 148 448 758 522">
     <span class='ocr_line' id='line_1_2' title="bbox 148 448 758 522; baseline -0.01 -12"><span class='ocrx_word' id='word_1_2' title='bbox 148 458 300 512; x_wconf 88' lang='lat' dir='ltr'><strong>tasmalum</strong></span> <span class='ocrx_word' id='word_1_3' title='bbox 316 450 346 507; x_wconf 89' lang='lat' dir='ltr'><strong>in</strong></span> <span class='ocrx_word' id='word_1_4' title='bbox 365 449 492 508; x_wconf 88' lang='lat' dir='ltr'><strong>oratioue</strong></span> <span class='ocrx_word' id='word_1_5' title='bbox 518 449 668 522; x_wconf 88' lang='lat' dir='ltr'><strong>patimur,</strong></span> <span class='ocrx_word' id='word_1_6' title='bbox 686 452 731 506; x_wconf 91' lang='lat' dir='ltr'><strong>Je-</strong></span> <span class='ocrx_word' id='word_1_7' title='bbox 755 448 758 495; x_wconf 69' lang='grc' dir='ltr'>ἔ</span> 
     </span>
    </p>
   </div>
   <div class='ocr_carea' id='block_1_3' title="bbox 139 519 753 1457">
    <p class='ocr_par' dir='ltr' id='par_1_3' title="bbox 139 519 753 1457">
     <span class='ocr_line' id='line_1_3' title="bbox 146 519 753 596; baseline -0.012 -12"><span class='ocrx_word' id='word_1_8' title='bbox 146 542 209 583; x_wconf 91' lang='lat' dir='ltr'><strong>sum</strong></span> <span class='ocrx_word' id='word_1_9' title='bbox 223 524 402 596; x_wconf 83' lang='lat' dir='ltr'><strong>aliquatenus</strong></span> <span class='ocrx_word' id='word_1_10' title='bbox 422 528 619 578; x_wconf 82' lang='lat' dir='ltr'><strong>transeuntem</strong></span> <span class='ocrx_word' id='word_1_11' title='bbox 640 519 728 578; x_wconf 90' lang='lat' dir='ltr'><strong>senti·</strong></span> <span class='ocrx_word' id='word_1_12' title='bbox 748 546 753 557; x_wconf 85' lang='lat'><strong>·</strong></span> 
     </span>
     <span class='ocr_line' id='line_1_4' title="bbox 142 592 730 665; baseline -0.007 -12"><span class='ocrx_word' id='word_1_13' title='bbox 142 613 221 665; x_wconf 91' lang='lat' dir='ltr'><strong>mus;</strong></span> <span class='ocrx_word' id='word_1_14' title='bbox 238 611 301 652; x_wconf 86' lang='lat' dir='ltr'><strong>cum</strong></span> <span class='ocrx_word' id='word_1_15' title='bbox 316 608 383 651; x_wconf 85' lang='lat' dir='ltr'><strong>vere</strong></span> <span class='ocrx_word' id='word_1_16' title='bbox 403 592 526 651; x_wconf 84' lang='lat' dir='ltr'><strong>orationi</strong></span> <span class='ocrx_word' id='word_1_17' title='bbox 545 593 730 650; x_wconf 82' lang='lat' dir='ltr'><strong>vehementer</strong></span> 
     </span>
     <span class='ocr_line' id='line_1_5' title="bbox 140 664 730 738; baseline -0.007 -13"><span class='ocrx_word' id='word_1_18' title='bbox 140 667 311 735; x_wconf 83' lang='lat' dir='ltr'><strong>insistimus,</strong></span> <span class='ocrx_word' id='word_1_19' title='bbox 326 667 403 723; x_wconf 89' lang='lat' dir='ltr'><strong>Deus</strong></span> <span class='ocrx_word' id='word_1_20' title='bbox 418 664 447 722; x_wconf 90' lang='lat' dir='ltr'><strong>in</strong></span> <span class='ocrx_word' id='word_1_21' title='bbox 471 664 557 722; x_wconf 88' lang='lat' dir='ltr'><strong>corde</strong></span> <span class='ocrx_word' id='word_1_22' title='bbox 572 665 682 738; x_wconf 81' lang='lat' dir='ltr'><strong>tigttur,</strong></span> <span class='ocrx_word' id='word_1_23' title='bbox 700 670 730 722; x_wconf 92' lang='lat' dir='ltr'><strong>et</strong></span> 
     </span>
     <span class='ocr_line' id='line_1_6' title="bbox 139 736 730 810; baseline -0.005 -15"><span class='ocrx_word' id='word_1_24' title='bbox 139 740 186 795; x_wconf 83' lang='lat' dir='ltr'><strong>lux</strong></span> <span class='ocrx_word' id='word_1_25' title='bbox 210 737 315 796; x_wconf 89' lang='lat' dir='ltr'><strong>amisso</strong></span> <span class='ocrx_word' id='word_1_26' title='bbox 337 745 495 810; x_wconf 88' lang='lat' dir='ltr'><strong>reparatur.</strong></span> <span class='ocrx_word' id='word_1_27' title='bbox 514 739 552 794; x_wconf 82' lang='lat' dir='ltr'><strong>Ex</strong></span> <span class='ocrx_word' id='word_1_28' title='bbox 572 753 628 809; x_wconf 91' lang='lat' dir='ltr'><strong>qun</strong></span> <span class='ocrx_word' id='word_1_29' title='bbox 648 736 730 794; x_wconf 89' lang='lat' dir='ltr'><strong>doee-</strong></span> 
     </span>
     <span class='ocr_line' id='line_1_7' title="bbox 140 808 728 891; baseline -0.007 -24"><span class='ocrx_word' id='word_1_30' title='bbox 140 827 213 881; x_wconf 91' lang='lat' dir='ltr'><strong>mur,</strong></span> <span class='ocrx_word' id='word_1_31' title='bbox 229 811 304 883; x_wconf 92' lang='lat' dir='ltr'><strong>quod</strong></span> <span class='ocrx_word' id='word_1_32' title='bbox 321 809 345 866; x_wconf 90' lang='lat' dir='ltr'><strong>si</strong></span> <span class='ocrx_word' id='word_1_33' title='bbox 359 809 389 866; x_wconf 92' lang='lat' dir='ltr'><strong>in</strong></span> <span class='ocrx_word' id='word_1_34' title='bbox 407 809 535 867; x_wconf 88' lang='lat' dir='ltr'><strong>oratione</strong></span> <span class='ocrx_word' id='word_1_35' title='bbox 551 808 643 891; x_wconf 88' lang='lat' dir='ltr'><strong>primo</strong></span> <span class='ocrx_word' id='word_1_36' title='bbox 663 825 728 864; x_wconf 91' lang='lat' dir='ltr'><strong>sen·</strong></span> 
     </span>
     <span class='ocr_line' id='line_1_8' title="bbox 142 881 728 953; baseline -0.007 -14"><span class='ocrx_word' id='word_1_37' title='bbox 142 881 265 940; x_wconf 80' lang='lat' dir='ltr'><strong>serimus</strong></span> <span class='ocrx_word' id='word_1_38' title='bbox 283 883 381 939; x_wconf 84' lang='lat' dir='ltr'><strong>lesum</strong></span> <span class='ocrx_word' id='word_1_39' title='bbox 402 898 456 938; x_wconf 88' lang='lat' dir='ltr'><strong>nos</strong></span> <span class='ocrx_word' id='word_1_40' title='bbox 479 896 561 953; x_wconf 78' lang='lat' dir='ltr'><strong>quasi</strong></span> <span class='ocrx_word' id='word_1_41' title='bbox 582 887 728 953; x_wconf 88' lang='lat' dir='ltr'><strong>pertrans·</strong></span> 
     </span>
     <span class='ocr_line' id='line_1_9' title="bbox 142 953 730 1026; baseline -0.009 -14"><span class='ocrx_word' id='word_1_42' title='bbox 142 962 270 1024; x_wconf 89' lang='lat' dir='ltr'><strong>euntem,</strong></span> <span class='ocrx_word' id='word_1_43' title='bbox 280 959 345 1026; x_wconf 89' lang='lat' dir='ltr'><strong>post</strong></span> <span class='ocrx_word' id='word_1_44' title='bbox 359 954 505 1024; x_wconf 83' lang='lat' dir='ltr'><strong>paululum</strong></span> <span class='ocrx_word' id='word_1_45' title='bbox 517 953 657 1009; x_wconf 83' lang='lat' dir='ltr'><strong>instanter</strong></span> <span class='ocrx_word' id='word_1_46' title='bbox 667 967 730 1026; x_wconf 88' lang='lat' dir='ltr'><strong>per·</strong></span> 
     </span>
     <span class='ocr_line' id='line_1_10' title="bbox 142 1024 728 1095; baseline -0.009 -12"><span class='ocrx_word' id='word_1_47' title='bbox 142 1032 317 1095; x_wconf 78' lang='lat' dir='ltr'><strong>serenantes,</strong></span> <span class='ocrx_word' id='word_1_48' title='bbox 327 1025 482 1083; x_wconf 81' lang='lat' dir='ltr'><strong>sentiemus</strong></span> <span class='ocrx_word' id='word_1_49' title='bbox 492 1024 639 1082; x_wconf 84' lang='lat' dir='ltr'><strong>nobiscum</strong></span> <span class='ocrx_word' id='word_1_50' title='bbox 652 1033 728 1080; x_wconf 89' lang='lat' dir='ltr'><strong>stan·</strong></span> 
     </span>
     <span class='ocr_line' id='line_1_11' title="bbox 143 1094 729 1178; baseline -0.007 -24"><span class='ocrx_word' id='word_1_51' title='bbox 143 1103 212 1154; x_wconf 92' lang='lat' dir='ltr'><strong>tem.</strong></span> <span class='ocrx_word' id='word_1_52' title='bbox 233 1102 393 1168; x_wconf 82' lang='lat' dir='ltr'><strong>Interrogat</strong></span> <span class='ocrx_word' id='word_1_53' title='bbox 418 1104 512 1155; x_wconf 92' lang='lat' dir='ltr'><strong>autem</strong></span> <span class='ocrx_word' id='word_1_54' title='bbox 529 1112 648 1166; x_wconf 73' lang='lat' dir='ltr'><strong>caecum,</strong></span> <span class='ocrx_word' id='word_1_55' title='bbox 661 1094 729 1178; x_wconf 88' lang='lat' dir='ltr'><strong>quid</strong></span> 
     </span>
     <span class='ocr_line' id='line_1_12' title="bbox 142 1169 728 1240; baseline -0.003 -16"><span class='ocrx_word' id='word_1_56' title='bbox 142 1169 220 1240; x_wconf 87' lang='lat' dir='ltr'><strong>velit,</strong></span> <span class='ocrx_word' id='word_1_57' title='bbox 240 1174 272 1228; x_wconf 94' lang='lat' dir='ltr'><strong>ut</strong></span> <span class='ocrx_word' id='word_1_58' title='bbox 300 1186 364 1227; x_wconf 89' lang='lat' dir='ltr'><strong>eum</strong></span> <span class='ocrx_word' id='word_1_59' title='bbox 388 1169 425 1227; x_wconf 92' lang='lat' dir='ltr'><strong>ad</strong></span> <span class='ocrx_word' id='word_1_60' title='bbox 449 1169 588 1226; x_wconf 90' lang='lat' dir='ltr'><strong>orandum</strong></span> <span class='ocrx_word' id='word_1_61' title='bbox 616 1172 728 1238; x_wconf 77' lang='lat' dir='ltr'><strong>excitet,</strong></span> 
     </span>
     <span class='ocr_line' id='line_1_13' title="bbox 141 1241 728 1314; baseline -0.005 -16"><span class='ocrx_word' id='word_1_62' title='bbox 141 1243 210 1314; x_wconf 89' lang='lat' dir='ltr'><strong>quia</strong></span> <span class='ocrx_word' id='word_1_63' title='bbox 225 1241 282 1314; x_wconf 91' lang='lat' dir='ltr'><strong>peti</strong></span> <span class='ocrx_word' id='word_1_64' title='bbox 295 1243 355 1299; x_wconf 85' lang='lat' dir='ltr'><strong>vult</strong></span> <span class='ocrx_word' id='word_1_65' title='bbox 365 1243 418 1299; x_wconf 89' lang='lat' dir='ltr'><strong>hoe</strong></span> <span class='ocrx_word' id='word_1_66' title='bbox 430 1241 506 1313; x_wconf 89' lang='lat' dir='ltr'><strong>quod</strong></span> <span class='ocrx_word' id='word_1_67' title='bbox 518 1246 545 1296; x_wconf 91' lang='lat' dir='ltr'><strong>et</strong></span> <span class='ocrx_word' id='word_1_68' title='bbox 553 1257 605 1297; x_wconf 87' lang='lat' dir='ltr'><strong>nos</strong></span> <span class='ocrx_word' id='word_1_69' title='bbox 620 1244 728 1312; x_wconf 86' lang='lat' dir='ltr'><strong>petere,</strong></span> 
     </span>
     <span class='ocr_line' id='line_1_14' title="bbox 142 1312 728 1386; baseline -0.007 -15"><span class='ocrx_word' id='word_1_70' title='bbox 142 1322 213 1371; x_wconf 89' lang='lat' dir='ltr'><strong>etse</strong></span> <span class='ocrx_word' id='word_1_71' title='bbox 228 1314 385 1371; x_wconf 84' lang='lat' dir='ltr'><strong>concedere</strong></span> <span class='ocrx_word' id='word_1_72' title='bbox 396 1312 558 1386; x_wconf 69' lang='lat' dir='ltr'><strong>praenoscit.</strong></span> <span class='ocrx_word' id='word_1_73' title='bbox 574 1313 640 1368; x_wconf 86' lang='lat' dir='ltr'><strong>Pius</strong></span> <span class='ocrx_word' id='word_1_74' title='bbox 652 1312 728 1368; x_wconf 88' lang='lat' dir='ltr'><strong>enim</strong></span> 
     </span>
     <span class='ocr_line' id='line_1_15' title="bbox 141 1383 729 1457; baseline -0.009 -14"><span class='ocrx_word' id='word_1_75' title='bbox 141 1386 280 1443; x_wconf 87' lang='lat' dir='ltr'><strong>Dominus</strong></span> <span class='ocrx_word' id='word_1_76' title='bbox 305 1386 453 1442; x_wconf 80' lang='lat' dir='ltr'><strong>suadens</strong></span> <span class='ocrx_word' id='word_1_77' title='bbox 475 1383 610 1457; x_wconf 85' lang='lat' dir='ltr'><strong>gratuita,</strong></span> <span class='ocrx_word' id='word_1_78' title='bbox 630 1390 729 1439; x_wconf 90' lang='lat' dir='ltr'><strong>nostra</strong></span> 
     </span>
    </p>
   </div>
   <div class='ocr_carea' id='block_1_4' title="bbox 490 341 1032 397">
    <p class='ocr_par' dir='ltr' id='par_1_4' title="bbox 490 341 1032 397">
     <span class='ocr_line' id='line_1_16' title="bbox 490 341 1032 397; baseline 0.004 -2"><span class='ocrx_word' id='word_1_79' title='bbox 490 342 646 395; x_wconf 73' lang='lat' dir='ltr'><strong>sicutne</strong></span> <span class='ocrx_word' id='word_1_80' title='bbox 673 341 792 396; x_wconf 73' lang='lat' dir='ltr'><strong>lintis</strong></span> <span class='ocrx_word' id='word_1_81' title='bbox 819 342 921 395; x_wconf 72' lang='lat' dir='ltr'><strong>cuent</strong></span> <span class='ocrx_word' id='word_1_82' title='bbox 951 344 1032 397; x_wconf 74' lang='lat' dir='ltr'><strong>xxti</strong></span> 
     </span>
    </p>
   </div>
   <div class='ocr_carea' id='block_1_5' title="bbox 783 448 1373 1460">
    <p class='ocr_par' dir='ltr' id='par_1_5' title="bbox 783 448 1373 1460">
     <span class='ocr_line' id='line_1_17' title="bbox 784 448 1373 522; baseline 0.01 -17"><span class='ocrx_word' id='word_1_83' title='bbox 784 454 882 506; x_wconf 90' lang='lat' dir='ltr'><strong>nostro</strong></span> <span class='ocrx_word' id='word_1_84' title='bbox 897 448 993 506; x_wconf 88' lang='lat' dir='ltr'><strong>lumen</strong></span> <span class='ocrx_word' id='word_1_85' title='bbox 1007 450 1141 522; x_wconf 90' lang='lat' dir='ltr'><strong>petimus</strong></span> <span class='ocrx_word' id='word_1_86' title='bbox 1149 470 1160 518; x_wconf 92' lang='lat'><strong>,·</strong></span> <span class='ocrx_word' id='word_1_87' title='bbox 1176 450 1203 507; x_wconf 88' lang='lat' dir='ltr'><strong>si</strong></span> <span class='ocrx_word' id='word_1_88' title='bbox 1219 452 1373 512; x_wconf 81' lang='lat' dir='ltr'><strong>tundemlu·</strong></span> 
     </span>
     <span class='ocr_line' id='line_1_18' title="bbox 784 519 1373 603; baseline 0.008 -26"><span class='ocrx_word' id='word_1_89' title='bbox 784 538 844 603; x_wconf 78' lang='lat' dir='ltr'><strong>cem</strong></span> <span class='ocrx_word' id='word_1_90' title='bbox 853 522 912 603; x_wconf 77' lang='lat' dir='ltr'><strong>jam</strong></span> <span class='ocrx_word' id='word_1_91' title='bbox 920 536 972 594; x_wconf 92' lang='lat' dir='ltr'><strong>per</strong></span> <span class='ocrx_word' id='word_1_92' title='bbox 981 519 1169 579; x_wconf 87' lang='lat' dir='ltr'><strong>intellectum</strong></span> <span class='ocrx_word' id='word_1_93' title='bbox 1181 522 1373 592; x_wconf 68' lang='lat' dir='ltr'><strong>videnduillu·</strong></span> 
     </span>
     <span class='ocr_line' id='line_1_19' title="bbox 784 591 1372 669; baseline 0.01 -21"><span class='ocrx_word' id='word_1_94' title='bbox 784 598 884 649; x_wconf 86' lang='lat' dir='ltr'><strong>mmatr</strong></span> <span class='ocrx_word' id='word_1_95' title='bbox 895 600 958 665; x_wconf 91' lang='lat' dir='ltr'><strong>post</strong></span> <span class='ocrx_word' id='word_1_96' title='bbox 968 591 1132 651; x_wconf 75' lang='lat' dir='ltr'><strong>caecitatem</strong></span> <span class='ocrx_word' id='word_1_97' title='bbox 1143 610 1268 665; x_wconf 85' lang='lat' dir='ltr'><strong>sumus;</strong></span> <span class='ocrx_word' id='word_1_98' title='bbox 1280 599 1372 669; x_wconf 84' lang='lat' dir='ltr'><strong>Jesnn,</strong></span> 
     </span>
     <span class='ocr_line' id='line_1_20' title="bbox 784 664 1372 741; baseline 0.01 -21"><span class='ocrx_word' id='word_1_99' title='bbox 784 680 868 737; x_wconf 91' lang='lat' dir='ltr'><strong>quem</strong></span> <span class='ocrx_word' id='word_1_100' title='bbox 884 670 978 721; x_wconf 80' lang='lat' dir='ltr'><strong>niente</strong></span> <span class='ocrx_word' id='word_1_101' title='bbox 994 664 1158 735; x_wconf 87' lang='lat' dir='ltr'><strong>cernimus,</strong></span> <span class='ocrx_word' id='word_1_102' title='bbox 1178 684 1197 723; x_wconf 91' lang='lat' dir='ltr'><strong>o</strong></span> <span class='ocrx_word' id='word_1_103' title='bbox 1221 684 1271 725; x_wconf 86' lang='lat' dir='ltr'><strong>ere</strong></span> <span class='ocrx_word' id='word_1_104' title='bbox 1287 685 1372 741; x_wconf 85' lang='lat' dir='ltr'><strong>sequa·</strong></span> 
     </span>
     <span class='ocr_line' id='line_1_21' title="bbox 783 735 1373 819; baseline 0.012 -28"><span class='ocrx_word' id='word_1_105' title='bbox 783 752 856 818; x_wconf 83' lang='lat' dir='ltr'><strong>mur.</strong></span> <span class='ocrx_word' id='word_1_106' title='bbox 867 735 1114 819; x_wconf 24' lang='lat' dir='ltr'><strong>dspicniamusquo</strong></span> <span class='ocrx_word' id='word_1_107' title='bbox 1124 754 1184 809; x_wconf 85' lang='lat' dir='ltr'><strong>gra</strong></span> <span class='ocrx_word' id='word_1_108' title='bbox 1209 738 1373 813; x_wconf 82' lang='lat' dir='ltr'><strong>itur,etejus</strong></span> 
     </span>
     <span class='ocr_line' id='line_1_22' title="bbox 783 809 1372 880; baseline 0.01 -17"><span class='ocrx_word' id='word_1_109' title='bbox 783 809 1372 880; x_wconf 79' lang='lat' dir='ltr'><strong>uestrgrarmrtandoteneamus.Eece,cun</strong></span> 
     </span>
     <span class='ocr_line' id='line_1_23' title="bbox 784 878 1372 956; baseline 0.014 -22"><span class='ocrx_word' id='word_1_110' title='bbox 784 878 821 935; x_wconf 91' lang='lat' dir='ltr'><strong>sit</strong></span> <span class='ocrx_word' id='word_1_111' title='bbox 850 879 985 937; x_wconf 88' lang='lat' dir='ltr'><strong>Dominus</strong></span> <span class='ocrx_word' id='word_1_112' title='bbox 1007 886 1036 937; x_wconf 85' lang='lat' dir='ltr'><strong>et</strong></span> <span class='ocrx_word' id='word_1_113' title='bbox 1055 891 1179 938; x_wconf 88' lang='lat' dir='ltr'><strong>creator</strong></span> <span class='ocrx_word' id='word_1_114' title='bbox 1194 884 1372 956; x_wconf 77' lang='lat' dir='ltr'><strong>Angelorum,</strong></span> 
     </span>
     <span class='ocr_line' id='line_1_24' title="bbox 784 956 1372 1023; baseline 0.012 -16"><span class='ocrx_word' id='word_1_115' title='bbox 784 957 964 1023; x_wconf 90' lang='lat' dir='ltr'><strong>suscepturus</strong></span> <span class='ocrx_word' id='word_1_116' title='bbox 974 956 1110 1009; x_wconf 84' lang='lat' dir='ltr'><strong>naturam</strong></span> <span class='ocrx_word' id='word_1_117' title='bbox 1122 964 1265 1012; x_wconf 88' lang='lat' dir='ltr'><strong>nostram</strong></span> <span class='ocrx_word' id='word_1_118' title='bbox 1281 956 1310 1013; x_wconf 92' lang='lat' dir='ltr'><strong>in</strong></span> <span class='ocrx_word' id='word_1_119' title='bbox 1322 964 1372 1014; x_wconf 86' lang='lat' dir='ltr'><strong>nte·</strong></span> 
     </span>
     <span class='ocr_line' id='line_1_25' title="bbox 784 1022 1372 1101; baseline 0.014 -23"><span class='ocrx_word' id='word_1_120' title='bbox 784 1039 848 1079; x_wconf 87' lang='lat' dir='ltr'><strong>rum</strong></span> <span class='ocrx_word' id='word_1_121' title='bbox 864 1022 989 1095; x_wconf 76' lang='lat' dir='ltr'><strong>virginis</strong></span> <span class='ocrx_word' id='word_1_122' title='bbox 1004 1023 1093 1080; x_wconf 87' lang='lat' dir='ltr'><strong>venit.</strong></span> <span class='ocrx_word' id='word_1_123' title='bbox 1107 1026 1199 1083; x_wconf 83' lang='lat' dir='ltr'><strong>Nasci</strong></span> <span class='ocrx_word' id='word_1_124' title='bbox 1217 1033 1314 1085; x_wconf 88' lang='lat' dir='ltr'><strong>tamen</strong></span> <span class='ocrx_word' id='word_1_125' title='bbox 1331 1046 1372 1101; x_wconf 88' lang='lat' dir='ltr'><strong>per</strong></span> 
     </span>
     <span class='ocr_line' id='line_1_26' title="bbox 784 1094 1373 1172; baseline 0.012 -22"><span class='ocrx_word' id='word_1_126' title='bbox 784 1094 886 1151; x_wconf 77' lang='lat' dir='ltr'><strong>divites</strong></span> <span class='ocrx_word' id='word_1_127' title='bbox 901 1094 990 1151; x_wconf 90' lang='lat' dir='ltr'><strong>noluit</strong></span> <span class='ocrx_word' id='word_1_128' title='bbox 1004 1102 1158 1168; x_wconf 90' lang='lat' dir='ltr'><strong>parentes,</strong></span> <span class='ocrx_word' id='word_1_129' title='bbox 1217 1102 1373 1172; x_wconf 83' lang='lat' dir='ltr'><strong>uperescle·</strong></span> 
     </span>
     <span class='ocr_line' id='line_1_27' title="bbox 784 1115 1371 1248; baseline 0.015 -27"><span class='ocrx_word' id='word_1_130' title='bbox 784 1165 826 1237; x_wconf 78' lang='lat' dir='ltr'><strong>git</strong></span> <span class='ocrx_word' id='word_1_131' title='bbox 838 1184 845 1234; x_wconf 92' lang='lat'>;</span> <span class='ocrx_word' id='word_1_132' title='bbox 859 1167 1021 1248; x_wconf 87' lang='lat' dir='ltr'><strong>prosperari</strong></span> <span class='ocrx_word' id='word_1_133' title='bbox 1038 1169 1068 1223; x_wconf 91' lang='lat' dir='ltr'><strong>in</strong></span> <span class='ocrx_word' id='word_1_134' title='bbox 1082 1115 1320 1240; x_wconf 59' lang='lat' dir='ltr'><strong>munddanoluit,</strong></span> <span class='ocrx_word' id='word_1_135' title='bbox 1334 1189 1371 1245; x_wconf 83' lang='lat' dir='ltr'><strong>op</strong></span> 
     </span>
     <span class='ocr_line' id='line_1_28' title="bbox 784 1238 1370 1316; baseline 0.017 -24"><span class='ocrx_word' id='word_1_136' title='bbox 784 1239 910 1310; x_wconf 80' lang='lat' dir='ltr'><strong>probriu.</strong></span> <span class='ocrx_word' id='word_1_137' title='bbox 924 1238 1133 1311; x_wconf 76' lang='lat' dir='ltr'><strong>irrisionesque</strong></span> <span class='ocrx_word' id='word_1_138' title='bbox 1146 1242 1305 1313; x_wconf 76' lang='lat' dir='ltr'><strong>tolerarit;</strong></span> <span class='ocrx_word' id='word_1_139' title='bbox 1318 1261 1370 1316; x_wconf 84' lang='lat' dir='ltr'><strong>spu-</strong></span> 
     </span>
     <span class='ocr_line' id='line_1_29' title="bbox 783 1309 1370 1386; baseline 0.015 -21"><span class='ocrx_word' id='word_1_140' title='bbox 783 1315 824 1379; x_wconf 92' lang='lat' dir='ltr'><strong>ta,</strong></span> <span class='ocrx_word' id='word_1_141' title='bbox 851 1309 975 1381; x_wconf 83' lang='lat' dir='ltr'><strong>flagella,</strong></span> <span class='ocrx_word' id='word_1_142' title='bbox 1000 1311 1111 1382; x_wconf 90' lang='lat' dir='ltr'><strong>alapas,</strong></span> <span class='ocrx_word' id='word_1_143' title='bbox 1142 1312 1281 1386; x_wconf 79' lang='lat' dir='ltr'><strong>spineam</strong></span> <span class='ocrx_word' id='word_1_144' title='bbox 1305 1332 1370 1373; x_wconf 81' lang='lat' dir='ltr'><strong>coro</strong></span> 
     </span>
     <span class='ocr_line' id='line_1_30' title="bbox 785 1383 1370 1460; baseline 0.014 -23"><span class='ocrx_word' id='word_1_145' title='bbox 785 1397 862 1450; x_wconf 92' lang='lat' dir='ltr'><strong>nam,</strong></span> <span class='ocrx_word' id='word_1_146' title='bbox 880 1397 1050 1454; x_wconf 81' lang='lat' dir='ltr'><strong>crucemque</strong></span> <span class='ocrx_word' id='word_1_147' title='bbox 1073 1383 1231 1442; x_wconf 90' lang='lat' dir='ltr'><strong>sustinuit.</strong></span> <span class='ocrx_word' id='word_1_148' title='bbox 1255 1389 1299 1457; x_wconf 88' lang='lat' dir='ltr'><strong>Et,</strong></span> <span class='ocrx_word' id='word_1_149' title='bbox 1316 1387 1370 1460; x_wconf 83' lang='lat' dir='ltr'><strong>quia</strong></span> 
     </span>
    </p>
   </div>
   <div class='ocr_carea' id='block_1_6' title="bbox 139 1454 1370 1637">
    <p class='ocr_par' dir='ltr' id='par_1_6' title="bbox 139 1452 1370 1637">
     <span class='ocr_line' id='line_1_31' title="bbox 139 1454 1370 1529; baseline 0.002 -17"><span class='ocrx_word' id='word_1_150' title='bbox 139 1459 200 1514; x_wconf 81' lang='lat' dir='ltr'><strong>vult</strong></span> <span class='ocrx_word' id='word_1_151' title='bbox 227 1475 290 1515; x_wconf 90' lang='lat' dir='ltr'><strong>esse</strong></span> <span class='ocrx_word' id='word_1_152' title='bbox 315 1456 434 1524; x_wconf 84' lang='lat' dir='ltr'><strong>merita;</strong></span> <span class='ocrx_word' id='word_1_153' title='bbox 458 1471 510 1511; x_wconf 86' lang='lat' dir='ltr'><strong>nec</strong></span> <span class='ocrx_word' id='word_1_154' title='bbox 540 1455 602 1510; x_wconf 77' lang='lat' dir='ltr'><strong>vult</strong></span> <span class='ocrx_word' id='word_1_155' title='bbox 623 1455 727 1511; x_wconf 89' lang='lat' dir='ltr'><strong>bonum</strong></span> <span class='ocrx_word' id='word_1_156' title='bbox 784 1469 880 1510; x_wconf 89' lang='lat' dir='ltr'><strong>rerum</strong></span> <span class='ocrx_word' id='word_1_157' title='bbox 910 1454 1111 1525; x_wconf 78' lang='lat' dir='ltr'><strong>temporalium</strong></span> <span class='ocrx_word' id='word_1_158' title='bbox 1142 1455 1370 1529; x_wconf 68' lang='lat' dir='ltr'><strong>delectationen</strong></span> 
     </span>
     <span class='ocr_line' id='line_1_32' title="bbox 141 1526 756 1637; baseline -0.007 -52"><span class='ocrx_word' id='word_1_159' title='bbox 141 1533 271 1585; x_wconf 90' lang='lat' dir='ltr'><strong>nostrum</strong></span> <span class='ocrx_word' id='word_1_160' title='bbox 300 1528 419 1584; x_wconf 79' lang='lat' dir='ltr'><strong>inuitum</strong></span> <span class='ocrx_word' id='word_1_161' title='bbox 449 1532 478 1582; x_wconf 89' lang='lat' dir='ltr'><strong>et</strong></span> <span class='ocrx_word' id='word_1_162' title='bbox 501 1530 645 1596; x_wconf 89' lang='lat' dir='ltr'><strong>eoactum,</strong></span> <span class='ocrx_word' id='word_1_163' title='bbox 679 1526 728 1582; x_wconf 90' lang='lat' dir='ltr'><strong>sed</strong></span> <span class='ocrx_word' id='word_1_164' title='bbox 753 1536 756 1637; x_wconf 59' lang='grc'>1</span> 
     </span>
    </p>
   </div>
   <div class='ocr_carea' id='block_1_7' title="bbox 137 1525 1371 2602">
    <p class='ocr_par' dir='ltr' id='par_1_7' title="bbox 138 1525 1371 2538">
     <span class='ocr_line' id='line_1_33' title="bbox 783 1525 1370 1599; baseline 0.014 -18"><span class='ocrx_word' id='word_1_165' title='bbox 783 1526 888 1597; x_wconf 81' lang='lat' dir='ltr'><strong>gaudio</strong></span> <span class='ocrx_word' id='word_1_166' title='bbox 915 1533 1023 1582; x_wconf 70' lang='lat' dir='ltr'><strong>aeterno</strong></span> <span class='ocrx_word' id='word_1_167' title='bbox 1049 1525 1226 1599; x_wconf 89' lang='lat' dir='ltr'><strong>cecidimus,</strong></span> <span class='ocrx_word' id='word_1_168' title='bbox 1243 1547 1308 1588; x_wconf 89' lang='lat' dir='ltr'><strong>cum</strong></span> <span class='ocrx_word' id='word_1_169' title='bbox 1342 1547 1370 1588; x_wconf 79' lang='lat' dir='ltr'><strong>us</strong></span> 
     </span>
     <span class='ocr_line' id='line_1_34' title="bbox 143 1548 1370 1673; baseline 0.002 -16"><span class='ocrx_word' id='word_1_170' title='bbox 143 1606 335 1671; x_wconf 84' lang='lat' dir='ltr'><strong>spontaneum</strong></span> <span class='ocrx_word' id='word_1_171' title='bbox 352 1604 380 1655; x_wconf 90' lang='lat' dir='ltr'><strong>et</strong></span> <span class='ocrx_word' id='word_1_172' title='bbox 392 1596 599 1666; x_wconf 77' lang='lat' dir='ltr'><strong>voluntarium3</strong></span> <span class='ocrx_word' id='word_1_173' title='bbox 611 1604 639 1653; x_wconf 89' lang='lat' dir='ltr'><strong>et</strong></span> <span class='ocrx_word' id='word_1_174' title='bbox 654 1597 729 1668; x_wconf 90' lang='lat' dir='ltr'><strong>quod</strong></span> <span class='ocrx_word' id='word_1_175' title='bbox 753 1652 756 1673; x_wconf 45' lang='lat'><strong>¹</strong></span> <span class='ocrx_word' id='word_1_176' title='bbox 783 1596 974 1653; x_wconf 83' lang='lat' dir='ltr'><strong>amaritudine</strong></span> <span class='ocrx_word' id='word_1_177' title='bbox 989 1596 1057 1653; x_wconf 89' lang='lat' dir='ltr'><strong>illue</strong></span> <span class='ocrx_word' id='word_1_178' title='bbox 1069 1598 1226 1670; x_wconf 86' lang='lat' dir='ltr'><strong>redeatur,</strong></span> <span class='ocrx_word' id='word_1_179' title='bbox 1244 1548 1370 1660; x_wconf 67' lang='lat' dir='ltr'><strong>ostendit.</strong></span> 
     </span>
     <span class='ocr_line' id='line_1_35' title="bbox 140 1667 1369 1745; baseline 0.003 -18"><span class='ocrx_word' id='word_1_180' title='bbox 140 1670 226 1727; x_wconf 90' lang='lat' dir='ltr'><strong>nobis</strong></span> <span class='ocrx_word' id='word_1_181' title='bbox 251 1673 354 1742; x_wconf 89' lang='lat' dir='ltr'><strong>sponte</strong></span> <span class='ocrx_word' id='word_1_182' title='bbox 381 1667 511 1739; x_wconf 70' lang='lat' dir='ltr'><strong>largitur,</strong></span> <span class='ocrx_word' id='word_1_183' title='bbox 537 1668 597 1723; x_wconf 85' lang='lat' dir='ltr'><strong>vult</strong></span> <span class='ocrx_word' id='word_1_184' title='bbox 623 1670 729 1725; x_wconf 90' lang='lat' dir='ltr'><strong>nostris</strong></span> <span class='ocrx_word' id='word_1_185' title='bbox 753 1730 756 1737; x_wconf 48' lang='grc'><strong><em>,</em></strong></span> <span class='ocrx_word' id='word_1_186' title='bbox 783 1667 855 1735; x_wconf 85' lang='lat' dir='ltr'><strong>Quid</strong></span> <span class='ocrx_word' id='word_1_187' title='bbox 875 1669 971 1740; x_wconf 88' lang='lat' dir='ltr'><strong>itaque</strong></span> <span class='ocrx_word' id='word_1_188' title='bbox 985 1669 1072 1725; x_wconf 89' lang='lat' dir='ltr'><strong>homo</strong></span> <span class='ocrx_word' id='word_1_189' title='bbox 1090 1685 1145 1741; x_wconf 90' lang='lat' dir='ltr'><strong>pro</strong></span> <span class='ocrx_word' id='word_1_190' title='bbox 1162 1688 1195 1729; x_wconf 89' lang='lat' dir='ltr'><strong>se</strong></span> <span class='ocrx_word' id='word_1_191' title='bbox 1206 1675 1270 1745; x_wconf 88' lang='lat' dir='ltr'><strong>pati</strong></span> <span class='ocrx_word' id='word_1_192' title='bbox 1286 1675 1369 1741; x_wconf 82' lang='lat' dir='ltr'><strong>debet,</strong></span> 
     </span>
     <span class='ocr_line' id='line_1_36' title="bbox 138 1738 1371 1824; baseline 0.003 -27"><span class='ocrx_word' id='word_1_193' title='bbox 138 1741 323 1824; x_wconf 78' lang='lat' dir='ltr'><strong>petitionibus</strong></span> <span class='ocrx_word' id='word_1_194' title='bbox 341 1739 477 1822; x_wconf 85' lang='lat' dir='ltr'><strong>tribuere.</strong></span> <span class='ocrx_word' id='word_1_195' title='bbox 492 1741 526 1796; x_wconf 84' lang='lat' dir='ltr'><strong>Et</strong></span> <span class='ocrx_word' id='word_1_196' title='bbox 540 1738 616 1810; x_wconf 82' lang='lat' dir='ltr'><strong>ideo,</strong></span> <span class='ocrx_word' id='word_1_197' title='bbox 632 1756 728 1811; x_wconf 91' lang='lat' dir='ltr'><strong>quam·</strong></span> <span class='ocrx_word' id='word_1_198' title='bbox 752 1754 756 1795; x_wconf 80' lang='lat' dir='ltr'><strong>t</strong></span> <span class='ocrx_word' id='word_1_199' title='bbox 783 1739 806 1795; x_wconf 90' lang='lat' dir='ltr'><strong>si</strong></span> <span class='ocrx_word' id='word_1_200' title='bbox 818 1743 981 1797; x_wconf 75' lang='lat' dir='ltr'><strong>tantotiens</strong></span> <span class='ocrx_word' id='word_1_201' title='bbox 995 1741 1231 1812; x_wconf 81' lang='lat' dir='ltr'><strong>pronominibus</strong></span> <span class='ocrx_word' id='word_1_202' title='bbox 1281 1746 1371 1803; x_wconf 86' lang='lat' dir='ltr'><strong>rtnlitl</strong></span> 
     </span>
     <span class='ocr_line' id='line_1_37' title="bbox 141 1761 1369 1897; baseline 0.006 -28"><span class='ocrx_word' id='word_1_203' title='bbox 141 1830 183 1869; x_wconf 82' lang='lat' dir='ltr'><strong>us</strong></span> <span class='ocrx_word' id='word_1_204' title='bbox 206 1813 277 1870; x_wconf 87' lang='lat' dir='ltr'><strong>sciat</strong></span> <span class='ocrx_word' id='word_1_205' title='bbox 291 1813 358 1884; x_wconf 90' lang='lat' dir='ltr'><strong>quid</strong></span> <span class='ocrx_word' id='word_1_206' title='bbox 374 1811 458 1869; x_wconf 86' lang='lat' dir='ltr'><strong>nebts</strong></span> <span class='ocrx_word' id='word_1_207' title='bbox 482 1827 598 1868; x_wconf 87' lang='lat' dir='ltr'><strong>necesse</strong></span> <span class='ocrx_word' id='word_1_208' title='bbox 616 1811 663 1880; x_wconf 91' lang='lat' dir='ltr'><strong>sit,</strong></span> <span class='ocrx_word' id='word_1_209' title='bbox 680 1828 729 1868; x_wconf 87' lang='lat' dir='ltr'><strong>an·</strong></span> <span class='ocrx_word' id='word_1_210' title='bbox 752 1818 756 1897; x_wconf 34' lang='lat' dir='ltr'>j</span> <span class='ocrx_word' id='word_1_211' title='bbox 783 1810 900 1867; x_wconf 84' lang='lat' dir='ltr'><strong>Diverso</strong></span> <span class='ocrx_word' id='word_1_212' title='bbox 931 1812 1034 1884; x_wconf 90' lang='lat' dir='ltr'><strong>quippe</strong></span> <span class='ocrx_word' id='word_1_213' title='bbox 1058 1810 1168 1871; x_wconf 90' lang='lat' dir='ltr'><strong>itinere</strong></span> <span class='ocrx_word' id='word_1_214' title='bbox 1188 1761 1332 1887; x_wconf 61' lang='lat' dir='ltr'><strong>amffitat,</strong></span> <span class='ocrx_word' id='word_1_215' title='bbox 1351 1816 1369 1875; x_wconf 86' lang='lat' dir='ltr'><strong>si</strong></span> 
     </span>
     <span class='ocr_line' id='line_1_38' title="bbox 141 1882 1368 1961; baseline 0.002 -19"><span class='ocrx_word' id='word_1_216' title='bbox 141 1890 259 1958; x_wconf 87' lang='lat' dir='ltr'><strong>tequam</strong></span> <span class='ocrx_word' id='word_1_217' title='bbox 281 1892 428 1958; x_wconf 87' lang='lat' dir='ltr'><strong>petamus;</strong></span> <span class='ocrx_word' id='word_1_218' title='bbox 451 1883 613 1954; x_wconf 86' lang='lat' dir='ltr'><strong>importune</strong></span> <span class='ocrx_word' id='word_1_219' title='bbox 632 1889 728 1940; x_wconf 89' lang='lat' dir='ltr'><strong>tamen</strong></span> <span class='ocrx_word' id='word_1_220' title='bbox 753 1904 756 1955; x_wconf 58' lang='grc' dir='ltr'>ξ</span> <span class='ocrx_word' id='word_1_221' title='bbox 782 1882 886 1953; x_wconf 83' lang='lat' dir='ltr'><strong>gaudia</strong></span> <span class='ocrx_word' id='word_1_222' title='bbox 913 1883 1181 1957; x_wconf 84' lang='lat' dir='ltr'><strong>delectationesque</strong></span> <span class='ocrx_word' id='word_1_223' title='bbox 1195 1889 1320 1961; x_wconf 88' lang='lat' dir='ltr'><strong>appetit,</strong></span> <span class='ocrx_word' id='word_1_224' title='bbox 1333 1891 1368 1947; x_wconf 88' lang='lat' dir='ltr'><strong>rui</strong></span> 
     </span>
     <span class='ocr_line' id='line_1_39' title="bbox 140 1954 1367 2031; baseline 0.001 -16"><span class='ocrx_word' id='word_1_225' title='bbox 140 1974 195 2015; x_wconf 90' lang='lat' dir='ltr'><strong>nos</strong></span> <span class='ocrx_word' id='word_1_226' title='bbox 221 1957 257 2014; x_wconf 93' lang='lat' dir='ltr'><strong>ad</strong></span> <span class='ocrx_word' id='word_1_227' title='bbox 285 1958 438 2031; x_wconf 89' lang='lat' dir='ltr'><strong>petendum</strong></span> <span class='ocrx_word' id='word_1_228' title='bbox 466 1955 575 2020; x_wconf 79' lang='lat' dir='ltr'><strong>invitat,</strong></span> <span class='ocrx_word' id='word_1_229' title='bbox 600 1954 726 2013; x_wconf 87' lang='lat' dir='ltr'><strong>dicens:</strong></span> <span class='ocrx_word' id='word_1_230' title='bbox 753 2018 756 2031; x_wconf 52' lang='lat'>‚</span> <span class='ocrx_word' id='word_1_231' title='bbox 782 1955 838 2011; x_wconf 78' lang='lat' dir='ltr'><strong>dux</strong></span> <span class='ocrx_word' id='word_1_232' title='bbox 851 1970 919 2011; x_wconf 87' lang='lat' dir='ltr'><strong>suus</strong></span> <span class='ocrx_word' id='word_1_233' title='bbox 929 1954 1003 2011; x_wconf 86' lang='lat' dir='ltr'><strong>viam</strong></span> <span class='ocrx_word' id='word_1_234' title='bbox 1017 1955 1229 2015; x_wconf 76' lang='lat' dir='ltr'><strong>amaritudinis</strong></span> <span class='ocrx_word' id='word_1_235' title='bbox 1242 1961 1367 2019; x_wconf 85' lang='lat' dir='ltr'><strong>ostendit.</strong></span> 
     </span>
     <span class='ocr_line' id='line_1_40' title="bbox 139 2026 1368 2106; baseline 0.002 -18"><span class='ocrx_word' id='word_1_236' title='bbox 139 2032 227 2088; x_wconf 83' lang='lat' dir='ltr'><strong>Petite</strong></span> <span class='ocrx_word' id='word_1_237' title='bbox 247 2036 344 2088; x_wconf 89' lang='lat' dir='ltr'><strong>autem</strong></span> <span class='ocrx_word' id='word_1_238' title='bbox 365 2036 391 2086; x_wconf 87' lang='lat' dir='ltr'><strong>et</strong></span> <span class='ocrx_word' id='word_1_239' title='bbox 409 2030 524 2086; x_wconf 82' lang='lat' dir='ltr'><strong>dubitur</strong></span> <span class='ocrx_word' id='word_1_240' title='bbox 542 2029 634 2098; x_wconf 80' lang='lat' dir='ltr'><strong>eolis,</strong></span> <span class='ocrx_word' id='word_1_241' title='bbox 654 2045 728 2099; x_wconf 80' lang='lat' dir='ltr'><strong>quae·</strong></span> <span class='ocrx_word' id='word_1_242' title='bbox 752 2052 755 2065; x_wconf 85' lang='lat'><em>=</em></span> <span class='ocrx_word' id='word_1_243' title='bbox 783 2026 810 2083; x_wconf 89' lang='lat' dir='ltr'><strong>Si</strong></span> <span class='ocrx_word' id='word_1_244' title='bbox 826 2042 893 2099; x_wconf 86' lang='lat' dir='ltr'><strong>crgo</strong></span> <span class='ocrx_word' id='word_1_245' title='bbox 908 2026 1104 2084; x_wconf 88' lang='lat' dir='ltr'><strong>retributionis</strong></span> <span class='ocrx_word' id='word_1_246' title='bbox 1114 2030 1265 2099; x_wconf 85' lang='lat' dir='ltr'><strong>gaudium</strong></span> <span class='ocrx_word' id='word_1_247' title='bbox 1277 2033 1307 2090; x_wconf 93' lang='lat' dir='ltr'><strong>in</strong></span> <span class='ocrx_word' id='word_1_248' title='bbox 1318 2050 1368 2106; x_wconf 82' lang='lat' dir='ltr'><strong>per·</strong></span> 
     </span>
     <span class='ocr_line' id='line_1_41' title="bbox 139 2074 1369 2173; baseline 0.004 -15"><span class='ocrx_word' id='word_1_249' title='bbox 139 2105 194 2159; x_wconf 81' lang='lat' dir='ltr'><strong>rite</strong></span> <span class='ocrx_word' id='word_1_250' title='bbox 211 2108 237 2160; x_wconf 87' lang='lat' dir='ltr'><strong>et</strong></span> <span class='ocrx_word' id='word_1_251' title='bbox 253 2105 411 2164; x_wconf 76' lang='lat' dir='ltr'><strong>invenietis,</strong></span> <span class='ocrx_word' id='word_1_252' title='bbox 426 2103 536 2173; x_wconf 82' lang='lat' dir='ltr'><strong>pulsate</strong></span> <span class='ocrx_word' id='word_1_253' title='bbox 549 2105 575 2156; x_wconf 87' lang='lat' dir='ltr'><strong>et</strong></span> <span class='ocrx_word' id='word_1_254' title='bbox 589 2105 729 2172; x_wconf 84' lang='lat' dir='ltr'><strong>aperietur</strong></span> <span class='ocrx_word' id='word_1_255' title='bbox 752 2074 756 2145; x_wconf 69' lang='lat' dir='ltr'><strong>l</strong></span> <span class='ocrx_word' id='word_1_256' title='bbox 781 2097 915 2155; x_wconf 78' lang='lat' dir='ltr'><strong>ventione</strong></span> <span class='ocrx_word' id='word_1_257' title='bbox 930 2097 1293 2171; x_wconf 82' lang='lat' dir='ltr'><strong>quaerimus,poenitentiae</strong></span> <span class='ocrx_word' id='word_1_258' title='bbox 1304 2121 1369 2163; x_wconf 83' lang='lat' dir='ltr'><strong>ama·</strong></span> 
     </span>
     <span class='ocr_line' id='line_1_42' title="bbox 141 2168 1368 2249; baseline 0.002 -20"><span class='ocrx_word' id='word_1_259' title='bbox 141 2176 229 2230; x_wconf 83' lang='lat' dir='ltr'><strong>nobis.</strong></span> <span class='ocrx_word' id='word_1_260' title='bbox 246 2176 277 2229; x_wconf 92' lang='lat' dir='ltr'><strong>ln</strong></span> <span class='ocrx_word' id='word_1_261' title='bbox 290 2173 357 2231; x_wconf 83' lang='lat' dir='ltr'><strong>caeci</strong></span> <span class='ocrx_word' id='word_1_262' title='bbox 373 2179 468 2230; x_wconf 89' lang='lat' dir='ltr'><strong>autem</strong></span> <span class='ocrx_word' id='word_1_263' title='bbox 489 2171 625 2243; x_wconf 87' lang='lat' dir='ltr'><strong>petitione</strong></span> <span class='ocrx_word' id='word_1_264' title='bbox 643 2171 728 2227; x_wconf 92' lang='lat' dir='ltr'><strong>disci·</strong></span> <span class='ocrx_word' id='word_1_265' title='bbox 782 2168 936 2226; x_wconf 88' lang='lat' dir='ltr'><strong>ritudinem</strong></span> <span class='ocrx_word' id='word_1_266' title='bbox 950 2171 979 2226; x_wconf 93' lang='lat' dir='ltr'><strong>in</strong></span> <span class='ocrx_word' id='word_1_267' title='bbox 990 2170 1211 2231; x_wconf 88' lang='lat' dir='ltr'><strong>viateneamus.</strong></span> <span class='ocrx_word' id='word_1_268' title='bbox 1227 2175 1276 2233; x_wconf 88' lang='lat' dir='ltr'><strong>Sic</strong></span> <span class='ocrx_word' id='word_1_269' title='bbox 1285 2176 1368 2249; x_wconf 85' lang='lat' dir='ltr'><strong>itaque</strong></span> 
     </span>
     <span class='ocr_line' id='line_1_43' title="bbox 140 2241 1367 2316; baseline 0.005 -16"><span class='ocrx_word' id='word_1_270' title='bbox 140 2260 215 2313; x_wconf 88' lang='lat' dir='ltr'><strong>mus,</strong></span> <span class='ocrx_word' id='word_1_271' title='bbox 236 2246 303 2316; x_wconf 89' lang='lat' dir='ltr'><strong>quia</strong></span> <span class='ocrx_word' id='word_1_272' title='bbox 320 2244 350 2299; x_wconf 93' lang='lat' dir='ltr'><strong>in</strong></span> <span class='ocrx_word' id='word_1_273' title='bbox 374 2244 504 2299; x_wconf 88' lang='lat' dir='ltr'><strong>oratione</strong></span> <span class='ocrx_word' id='word_1_274' title='bbox 530 2258 586 2298; x_wconf 92' lang='lat' dir='ltr'><strong>non</strong></span> <span class='ocrx_word' id='word_1_275' title='bbox 615 2258 727 2313; x_wconf 84' lang='lat' dir='ltr'><strong>aurum,</strong></span> <span class='ocrx_word' id='word_1_276' title='bbox 782 2241 824 2310; x_wconf 91' lang='lat' dir='ltr'><strong>llt,</strong></span> <span class='ocrx_word' id='word_1_277' title='bbox 846 2246 878 2297; x_wconf 94' lang='lat' dir='ltr'><strong>ut</strong></span> <span class='ocrx_word' id='word_1_278' title='bbox 902 2258 960 2299; x_wconf 90' lang='lat' dir='ltr'><strong>non</strong></span> <span class='ocrx_word' id='word_1_279' title='bbox 985 2242 1076 2300; x_wconf 88' lang='lat' dir='ltr'><strong>selum</strong></span> <span class='ocrx_word' id='word_1_280' title='bbox 1101 2252 1210 2302; x_wconf 90' lang='lat' dir='ltr'><strong>nostra</strong></span> <span class='ocrx_word' id='word_1_281' title='bbox 1237 2247 1272 2305; x_wconf 94' lang='lat' dir='ltr'><strong>in</strong></span> <span class='ocrx_word' id='word_1_282' title='bbox 1290 2250 1367 2306; x_wconf 58' lang='lat' dir='ltr'><strong>mun</strong></span> 
     </span>
     <span class='ocr_line' id='line_1_44' title="bbox 140 2311 1368 2390; baseline 0.004 -19"><span class='ocrx_word' id='word_1_283' title='bbox 140 2330 233 2387; x_wconf 89' lang='lat' dir='ltr'><strong>neque</strong></span> <span class='ocrx_word' id='word_1_284' title='bbox 249 2318 409 2385; x_wconf 84' lang='lat' dir='ltr'><strong>argentum,</strong></span> <span class='ocrx_word' id='word_1_285' title='bbox 425 2328 517 2383; x_wconf 91' lang='lat' dir='ltr'><strong>neque</strong></span> <span class='ocrx_word' id='word_1_286' title='bbox 531 2311 665 2384; x_wconf 78' lang='lat' dir='ltr'><strong>fugitivos</strong></span> <span class='ocrx_word' id='word_1_287' title='bbox 679 2315 728 2370; x_wconf 90' lang='lat' dir='ltr'><strong>ho·</strong></span> <span class='ocrx_word' id='word_1_288' title='bbox 782 2312 839 2369; x_wconf 76' lang='lat' dir='ltr'><strong>vita</strong></span> <span class='ocrx_word' id='word_1_289' title='bbox 859 2313 1005 2386; x_wconf 82' lang='lat' dir='ltr'><strong>proficiat;</strong></span> <span class='ocrx_word' id='word_1_290' title='bbox 1026 2314 1077 2371; x_wconf 89' lang='lat' dir='ltr'><strong>sed</strong></span> <span class='ocrx_word' id='word_1_291' title='bbox 1100 2315 1167 2373; x_wconf 80' lang='lat' dir='ltr'><strong>lraee</strong></span> <span class='ocrx_word' id='word_1_292' title='bbox 1187 2317 1259 2390; x_wconf 90' lang='lat' dir='ltr'><strong>ipsa</strong></span> <span class='ocrx_word' id='word_1_293' title='bbox 1284 2326 1368 2378; x_wconf 79' lang='lat' dir='ltr'><strong>nestra</strong></span> 
     </span>
     <span class='ocr_line' id='line_1_45' title="bbox 140 2381 1366 2457; baseline 0.004 -15"><span class='ocrx_word' id='word_1_294' title='bbox 140 2401 235 2454; x_wconf 90' lang='lat' dir='ltr'><strong>nores,</strong></span> <span class='ocrx_word' id='word_1_295' title='bbox 251 2401 345 2457; x_wconf 89' lang='lat' dir='ltr'><strong>neque</strong></span> <span class='ocrx_word' id='word_1_296' title='bbox 360 2383 552 2456; x_wconf 85' lang='lat' dir='ltr'><strong>longiturnam</strong></span> <span class='ocrx_word' id='word_1_297' title='bbox 568 2383 665 2454; x_wconf 86' lang='lat' dir='ltr'><strong>vitam,</strong></span> <span class='ocrx_word' id='word_1_298' title='bbox 681 2402 727 2441; x_wconf 86' lang='lat' dir='ltr'><strong>ne·</strong></span> <span class='ocrx_word' id='word_1_299' title='bbox 751 2448 754 2453; x_wconf 54' lang='grc'><strong>,</strong></span> <span class='ocrx_word' id='word_1_300' title='bbox 781 2383 959 2441; x_wconf 79' lang='lat' dir='ltr'><strong>conversatio</strong></span> <span class='ocrx_word' id='word_1_301' title='bbox 980 2387 1016 2442; x_wconf 93' lang='lat' dir='ltr'><strong>ad</strong></span> <span class='ocrx_word' id='word_1_302' title='bbox 1036 2385 1153 2445; x_wconf 90' lang='lat' dir='ltr'><strong>laudem</strong></span> <span class='ocrx_word' id='word_1_303' title='bbox 1180 2389 1238 2447; x_wconf 89' lang='lat' dir='ltr'><strong>Dei</strong></span> <span class='ocrx_word' id='word_1_304' title='bbox 1260 2381 1366 2449; x_wconf 77' lang='lat' dir='ltr'><strong>et&#39;alios</strong></span> 
     </span>
     <span class='ocr_line' id='line_1_46' title="bbox 139 2455 1227 2538; baseline 0.004 -24"><span class='ocrx_word' id='word_1_305' title='bbox 139 2473 194 2530; x_wconf 89' lang='lat' dir='ltr'><strong>que</strong></span> <span class='ocrx_word' id='word_1_306' title='bbox 204 2456 357 2513; x_wconf 83' lang='lat' dir='ltr'><strong>vindictam</strong></span> <span class='ocrx_word' id='word_1_307' title='bbox 370 2455 560 2538; x_wconf 79' lang='lat' dir='ltr'><strong>inimieorum,</strong></span> <span class='ocrx_word' id='word_1_308' title='bbox 569 2471 662 2527; x_wconf 89' lang='lat' dir='ltr'><strong>neque</strong></span> <span class='ocrx_word' id='word_1_309' title='bbox 674 2456 726 2513; x_wconf 91' lang='lat' dir='ltr'><strong>ali·</strong></span> <span class='ocrx_word' id='word_1_310' title='bbox 780 2456 919 2513; x_wconf 89' lang='lat' dir='ltr'><strong>accendat</strong></span> <span class='ocrx_word' id='word_1_311' title='bbox 933 2474 940 2513; x_wconf 75' lang='grc' dir='ltr'>ι</span> <span class='ocrx_word' id='word_1_312' title='bbox 955 2478 970 2505; x_wconf 74' lang='lat' dir='ltr'><strong>o</strong></span> <span class='ocrx_word' id='word_1_313' title='bbox 983 2457 1044 2514; x_wconf 68' lang='lat' dir='ltr'><strong>haec</strong></span> <span class='ocrx_word' id='word_1_314' title='bbox 1058 2458 1227 2528; x_wconf 64' lang='lat' dir='ltr'><strong>Gregorius.</strong></span> 
     </span>
    </p>

    <p class='ocr_par' dir='ltr' id='par_1_8' title="bbox 137 2526 1365 2602">
     <span class='ocr_line' id='line_1_47' title="bbox 137 2526 1365 2602; baseline 0.004 -16"><span class='ocrx_word' id='word_1_315' title='bbox 137 2529 212 2602; x_wconf 90' lang='lat' dir='ltr'><strong>quod</strong></span> <span class='ocrx_word' id='word_1_316' title='bbox 225 2528 398 2600; x_wconf 89' lang='lat' dir='ltr'><strong>temporale;</strong></span> <span class='ocrx_word' id='word_1_317' title='bbox 413 2527 463 2585; x_wconf 88' lang='lat' dir='ltr'><strong>sed</strong></span> <span class='ocrx_word' id='word_1_318' title='bbox 473 2526 617 2584; x_wconf 77' lang='lat' dir='ltr'><strong>mell&#39;abite</strong></span> <span class='ocrx_word' id='word_1_319' title='bbox 630 2527 727 2586; x_wconf 92' lang='lat' dir='ltr'><strong>lumen</strong></span> <span class='ocrx_word' id='word_1_320' title='bbox 817 2533 832 2583; x_wconf 82' lang='lat'>5</span> <span class='ocrx_word' id='word_1_321' title='bbox 848 2530 942 2584; x_wconf 72' lang='lat' dir='ltr'><strong>Eunus</strong></span> <span class='ocrx_word' id='word_1_322' title='bbox 952 2546 1129 2588; x_wconf 79' lang='lat' dir='ltr'><strong>1mnumumo</strong></span> <span class='ocrx_word' id='word_1_323' title='bbox 1142 2550 1307 2593; x_wconf 67' lang='lat' dir='ltr'><strong>muscosus</strong></span> <span class='ocrx_word' id='word_1_324' title='bbox 1321 2553 1365 2592; x_wconf 85' lang='lat' dir='ltr'><strong>cn·</strong></span> 
     </span>
    </p>
   </div>
   <div class='ocr_carea' id='block_1_8' title="bbox 135 2597 727 2746">
    <p class='ocr_par' dir='ltr' id='par_1_9' title="bbox 135 2597 727 2746">
     <span class='ocr_line' id='line_1_48' title="bbox 135 2597 725 2676; baseline -0.005 -17"><span class='ocrx_word' id='word_1_325' title='bbox 135 2618 265 2676; x_wconf 74' lang='lat' dir='ltr'><strong>quaerere</strong></span> <span class='ocrx_word' id='word_1_326' title='bbox 282 2601 428 2669; x_wconf 87' lang='lat' dir='ltr'><strong>debemus,</strong></span> <span class='ocrx_word' id='word_1_327' title='bbox 445 2600 499 2656; x_wconf 89' lang='lat' dir='ltr'><strong>hoc</strong></span> <span class='ocrx_word' id='word_1_328' title='bbox 515 2607 558 2656; x_wconf 89' lang='lat' dir='ltr'><strong>est</strong></span> <span class='ocrx_word' id='word_1_329' title='bbox 578 2604 608 2656; x_wconf 94' lang='lat' dir='ltr'><strong>ut</strong></span> <span class='ocrx_word' id='word_1_330' title='bbox 622 2597 725 2671; x_wconf 90' lang='lat' dir='ltr'><strong>ipsum,</strong></span> 
     </span>
     <span class='ocr_line' id='line_1_49' title="bbox 135 2673 727 2746; baseline -0.005 -16"><span class='ocrx_word' id='word_1_331' title='bbox 135 2674 184 2746; x_wconf 92' lang='lat' dir='ltr'><strong>qui</strong></span> <span class='ocrx_word' id='word_1_332' title='bbox 198 2676 340 2730; x_wconf 81' lang='lat' dir='ltr'><strong>illuminet</strong></span> <span class='ocrx_word' id='word_1_333' title='bbox 354 2688 458 2728; x_wconf 82' lang='lat' dir='ltr'><strong>omnem</strong></span> <span class='ocrx_word' id='word_1_334' title='bbox 473 2673 607 2727; x_wconf 79' lang='lat' dir='ltr'><strong>hominem</strong></span> <span class='ocrx_word' id='word_1_335' title='bbox 619 2675 727 2728; x_wconf 83' lang='lat' dir='ltr'><strong>venien·</strong></span> 
     </span>
    </p>
   </div>
   <div class='ocr_carea' id='block_1_9' title="bbox 779 2610 1364 2748">
    <p class='ocr_par' dir='ltr' id='par_1_10' title="bbox 779 2610 1364 2748">
     <span class='ocr_line' id='line_1_50' title="bbox 780 2610 1363 2664; baseline 0.015 -9"><span class='ocrx_word' id='word_1_336' title='bbox 780 2617 858 2656; x_wconf 75' lang='lat' dir='ltr'><strong>emur</strong></span> <span class='ocrx_word' id='word_1_337' title='bbox 886 2618 1030 2658; x_wconf 81' lang='lat' dir='ltr'><strong>neccarum</strong></span> <span class='ocrx_word' id='word_1_338' title='bbox 1055 2619 1223 2662; x_wconf 71' lang='lat' dir='ltr'><strong>sermonen.</strong></span> <span class='ocrx_word' id='word_1_339' title='bbox 1248 2638 1285 2648; x_wconf 94' lang='lat'><em>-</em></span> <span class='ocrx_word' id='word_1_340' title='bbox 1308 2610 1363 2664; x_wconf 85' lang='lat' dir='ltr'><strong>llac</strong></span> 
     </span>
     <span class='ocr_line' id='line_1_51' title="bbox 779 2673 1364 2748; baseline 0.012 -19"><span class='ocrx_word' id='word_1_341' title='bbox 779 2673 878 2739; x_wconf 89' lang='lat' dir='ltr'><strong>etiam,</strong></span> <span class='ocrx_word' id='word_1_342' title='bbox 898 2689 963 2744; x_wconf 80' lang='lat' dir='ltr'><strong>quae</strong></span> <span class='ocrx_word' id='word_1_343' title='bbox 986 2673 1021 2729; x_wconf 92' lang='lat' dir='ltr'><strong>de</strong></span> <span class='ocrx_word' id='word_1_344' title='bbox 1043 2689 1118 2731; x_wconf 88' lang='lat' dir='ltr'><strong>caece</strong></span> <span class='ocrx_word' id='word_1_345' title='bbox 1138 2676 1221 2734; x_wconf 75' lang='lat' dir='ltr'><strong>dicta</strong></span> <span class='ocrx_word' id='word_1_346' title='bbox 1240 2685 1318 2748; x_wconf 92' lang='lat' dir='ltr'><strong>sunl,</strong></span> <span class='ocrx_word' id='word_1_347' title='bbox 1334 2678 1364 2736; x_wconf 80' lang='lat' dir='ltr'><strong>ad</strong></span> 
     </span>
    </p>
   </div>
   <div class='ocr_carea' id='block_1_10' title="bbox 135 2722 1364 2835">
    <p class='ocr_par' dir='ltr' id='par_1_11' title="bbox 135 2722 1364 2835">
     <span class='ocr_line' id='line_1_52' title="bbox 135 2722 1364 2835; baseline 0.006 -33"><span class='ocrx_word' id='word_1_348' title='bbox 135 2752 188 2803; x_wconf 85' lang='lat' dir='ltr'><strong>tem</strong></span> <span class='ocrx_word' id='word_1_349' title='bbox 199 2749 230 2802; x_wconf 84' lang='lat' dir='ltr'><strong>in</strong></span> <span class='ocrx_word' id='word_1_350' title='bbox 240 2748 311 2801; x_wconf 83' lang='lat' dir='ltr'><strong>tune</strong></span> <span class='ocrx_word' id='word_1_351' title='bbox 321 2745 453 2801; x_wconf 82' lang='lat' dir='ltr'><strong>mundum</strong></span> <span class='ocrx_word' id='word_1_352' title='bbox 466 2743 563 2800; x_wconf 81' lang='lat' dir='ltr'><strong>videre</strong></span> <span class='ocrx_word' id='word_1_353' title='bbox 574 2745 725 2815; x_wconf 82' lang='lat' dir='ltr'><strong>possimus,</strong></span> <span class='ocrx_word' id='word_1_354' title='bbox 749 2722 753 2835; x_wconf 56' lang='lat' dir='ltr'><strong>l</strong></span> <span class='ocrx_word' id='word_1_355' title='bbox 779 2759 1010 2816; x_wconf 88' lang='lat' dir='ltr'><strong>unumquemque</strong></span> <span class='ocrx_word' id='word_1_356' title='bbox 1025 2752 1210 2817; x_wconf 88' lang='lat' dir='ltr'><strong>peecatorem</strong></span> <span class='ocrx_word' id='word_1_357' title='bbox 1221 2750 1279 2808; x_wconf 89' lang='lat' dir='ltr'><strong>hue</strong></span> <span class='ocrx_word' id='word_1_358' title='bbox 1291 2750 1364 2808; x_wconf 86' lang='lat' dir='ltr'><strong>mede</strong></span> 
     </span>
    </p>
   </div>
   <div class='ocr_carea' id='block_1_11' title="bbox 131 2814 726 3092">
    <p class='ocr_par' dir='ltr' id='par_1_12' title="bbox 131 2814 726 3092">
     <span class='ocr_line' id='line_1_53' title="bbox 131 2814 723 2892; baseline -0.005 -16"><span class='ocrx_word' id='word_1_359' title='bbox 131 2819 212 2892; x_wconf 74' lang='lat' dir='ltr'><strong>Juxta</strong></span> <span class='ocrx_word' id='word_1_360' title='bbox 241 2817 316 2890; x_wconf 91' lang='lat' dir='ltr'><strong>quod</strong></span> <span class='ocrx_word' id='word_1_361' title='bbox 344 2815 405 2889; x_wconf 89' lang='lat' dir='ltr'><strong>ipse</strong></span> <span class='ocrx_word' id='word_1_362' title='bbox 433 2818 580 2884; x_wconf 87' lang='lat' dir='ltr'><strong>admonet,</strong></span> <span class='ocrx_word' id='word_1_363' title='bbox 602 2814 723 2873; x_wconf 87' lang='lat' dir='ltr'><strong>dicens:</strong></span> 
     </span>
     <span class='ocr_line' id='line_1_54' title="bbox 134 2887 726 2961; baseline -0.01 -13"><span class='ocrx_word' id='word_1_364' title='bbox 134 2893 255 2960; x_wconf 65' lang='lat' dir='ltr'><strong>Quaerite</strong></span> <span class='ocrx_word' id='word_1_365' title='bbox 273 2893 395 2961; x_wconf 84' lang='lat' dir='ltr'><strong>primum</strong></span> <span class='ocrx_word' id='word_1_366' title='bbox 409 2905 524 2959; x_wconf 82' lang='lat' dir='ltr'><strong>reqnum</strong></span> <span class='ocrx_word' id='word_1_367' title='bbox 542 2890 592 2943; x_wconf 77' lang='lat' dir='ltr'><strong>liei</strong></span> <span class='ocrx_word' id='word_1_368' title='bbox 606 2893 632 2943; x_wconf 89' lang='lat' dir='ltr'><strong>et</strong></span> <span class='ocrx_word' id='word_1_369' title='bbox 642 2887 726 2957; x_wconf 82' lang='lat' dir='ltr'><strong>justi-</strong></span> 
     </span>
     <span class='ocr_line' id='line_1_55' title="bbox 133 2960 726 3034; baseline -0.01 -14"><span class='ocrx_word' id='word_1_370' title='bbox 133 2967 204 3021; x_wconf 84' lang='lat' dir='ltr'><strong>tiam</strong></span> <span class='ocrx_word' id='word_1_371' title='bbox 220 2963 289 3034; x_wconf 82' lang='lat' dir='ltr'><strong>ejus,</strong></span> <span class='ocrx_word' id='word_1_372' title='bbox 304 2967 330 3018; x_wconf 88' lang='lat' dir='ltr'><strong>et</strong></span> <span class='ocrx_word' id='word_1_373' title='bbox 358 2964 412 3018; x_wconf 79' lang='lat' dir='ltr'><strong>ltaec</strong></span> <span class='ocrx_word' id='word_1_374' title='bbox 432 2963 525 3018; x_wconf 80' lang='lat' dir='ltr'><strong>omnia</strong></span> <span class='ocrx_word' id='word_1_375' title='bbox 554 2960 726 3030; x_wconf 78' lang='lat' dir='ltr'><strong>adjicientur</strong></span> 
     </span>
     <span class='ocr_line' id='line_1_56' title="bbox 132 3030 725 3092; baseline -0.008 -1"><span class='ocrx_word' id='word_1_376' title='bbox 132 3036 220 3092; x_wconf 80' lang='lat' dir='ltr'><strong>uobis.</strong></span> <span class='ocrx_word' id='word_1_377' title='bbox 238 3035 280 3091; x_wconf 82' lang='lat' dir='ltr'><strong>nd</strong></span> <span class='ocrx_word' id='word_1_378' title='bbox 296 3033 366 3091; x_wconf 93' lang='lat' dir='ltr'><strong>illud</strong></span> <span class='ocrx_word' id='word_1_379' title='bbox 379 3035 474 3090; x_wconf 87' lang='lat' dir='ltr'><strong>lumen</strong></span> <span class='ocrx_word' id='word_1_380' title='bbox 498 3035 593 3089; x_wconf 89' lang='lat' dir='ltr'><strong>autem</strong></span> <span class='ocrx_word' id='word_1_381' title='bbox 619 3030 725 3087; x_wconf 77' lang='lat' dir='ltr'><strong>riden-</strong></span> 
     </span>
    </p>
   </div>
   <div class='ocr_carea' id='block_1_12' title="bbox 778 2814 1364 3109">
    <p class='ocr_par' dir='ltr' id='par_1_13' title="bbox 778 2814 1364 3109">
     <span class='ocr_line' id='line_1_57' title="bbox 779 2814 1364 2887; baseline 0.01 -15"><span class='ocrx_word' id='word_1_382' title='bbox 779 2814 880 2872; x_wconf 88' lang='lat' dir='ltr'><strong>relerri</strong></span> <span class='ocrx_word' id='word_1_383' title='bbox 903 2822 1032 2887; x_wconf 89' lang='lat' dir='ltr'><strong>possunt.</strong></span> <span class='ocrx_word' id='word_1_384' title='bbox 1048 2817 1100 2885; x_wconf 87' lang='lat' dir='ltr'><strong>Qui</strong></span> <span class='ocrx_word' id='word_1_385' title='bbox 1115 2819 1198 2876; x_wconf 90' lang='lat' dir='ltr'><strong>enim</strong></span> <span class='ocrx_word' id='word_1_386' title='bbox 1224 2822 1364 2880; x_wconf 84' lang='lat' dir='ltr'><strong>criminale</strong></span> 
     </span>
     <span class='ocr_line' id='line_1_58' title="bbox 778 2887 1362 2969; baseline 0.014 -26"><span class='ocrx_word' id='word_1_387' title='bbox 778 2893 928 2969; x_wconf 75' lang='lat' dir='ltr'><strong>peecatum</strong></span> <span class='ocrx_word' id='word_1_388' title='bbox 945 2888 1096 2945; x_wconf 85' lang='lat' dir='ltr'><strong>committit</strong></span> <span class='ocrx_word' id='word_1_389' title='bbox 1113 2887 1145 2947; x_wconf 93' lang='lat' dir='ltr'><strong>in</strong></span> <span class='ocrx_word' id='word_1_390' title='bbox 1160 2907 1266 2964; x_wconf 87' lang='lat' dir='ltr'><strong>opere,</strong></span> <span class='ocrx_word' id='word_1_391' title='bbox 1283 2909 1362 2952; x_wconf 77' lang='lat' dir='ltr'><strong>cacus</strong></span> 
     </span>
     <span class='ocr_line' id='line_1_59' title="bbox 779 2960 1362 3041; baseline 0.01 -26"><span class='ocrx_word' id='word_1_392' title='bbox 779 2963 821 3015; x_wconf 76' lang='lat' dir='ltr'><strong>est</strong></span> <span class='ocrx_word' id='word_1_393' title='bbox 834 2975 863 3041; x_wconf 83' lang='lat' dir='ltr'><strong>ru</strong></span> <span class='ocrx_word' id='word_1_394' title='bbox 876 2964 983 3016; x_wconf 91' lang='lat' dir='ltr'><strong>mente.</strong></span> <span class='ocrx_word' id='word_1_395' title='bbox 996 2960 1063 3030; x_wconf 89' lang='lat' dir='ltr'><strong>Sed,</strong></span> <span class='ocrx_word' id='word_1_396' title='bbox 1075 2960 1098 3017; x_wconf 92' lang='lat' dir='ltr'><strong>si</strong></span> <span class='ocrx_word' id='word_1_397' title='bbox 1109 2962 1166 3019; x_wconf 91' lang='lat' dir='ltr'><strong>iter</strong></span> <span class='ocrx_word' id='word_1_398' title='bbox 1178 2965 1314 3023; x_wconf 79' lang='lat' dir='ltr'><strong>veritatis</strong></span> <span class='ocrx_word' id='word_1_399' title='bbox 1324 2966 1362 3022; x_wconf 89' lang='lat' dir='ltr'><strong>in·</strong></span> 
     </span>
     <span class='ocr_line' id='line_1_60' title="bbox 778 3031 1364 3109; baseline 0.019 -24"><span class='ocrx_word' id='word_1_400' title='bbox 778 3031 858 3105; x_wconf 79' lang='lat' dir='ltr'><strong>gredi</strong></span> <span class='ocrx_word' id='word_1_401' title='bbox 874 3031 992 3103; x_wconf 90' lang='lat' dir='ltr'><strong>cupiens</strong></span> <span class='ocrx_word' id='word_1_402' title='bbox 1006 3048 1057 3104; x_wconf 89' lang='lat' dir='ltr'><strong>pre</strong></span> <span class='ocrx_word' id='word_1_403' title='bbox 1075 3038 1187 3091; x_wconf 75' lang='lat' dir='ltr'><strong>aeterna</strong></span> <span class='ocrx_word' id='word_1_404' title='bbox 1205 3036 1267 3094; x_wconf 76' lang='lat' dir='ltr'><strong>rita</strong></span> <span class='ocrx_word' id='word_1_405' title='bbox 1283 3052 1364 3109; x_wconf 78' lang='lat' dir='ltr'><strong>coepe·</strong></span> 
     </span>
    </p>
   </div>
   <div class='ocr_carea' id='block_1_13' title="bbox 124 3094 1360 4402">
    <p class='ocr_par' dir='ltr' id='par_1_14' title="bbox 128 3094 1360 4021">
     <span class='ocr_line' id='line_1_61' title="bbox 134 3094 1360 3182; baseline 0.001 -18"><span class='ocrx_word' id='word_1_406' title='bbox 134 3107 202 3164; x_wconf 92' lang='lat' dir='ltr'><strong>dum</strong></span> <span class='ocrx_word' id='word_1_407' title='bbox 218 3106 344 3178; x_wconf 90' lang='lat' dir='ltr'><strong>prolecto</strong></span> <span class='ocrx_word' id='word_1_408' title='bbox 359 3106 405 3162; x_wconf 79' lang='lat' dir='ltr'><strong>sla</strong></span> <span class='ocrx_word' id='word_1_409' title='bbox 417 3105 490 3162; x_wconf 89' lang='lat' dir='ltr'><strong>lldes</strong></span> <span class='ocrx_word' id='word_1_410' title='bbox 502 3111 555 3173; x_wconf 86' lang='lat' dir='ltr'><strong>est,</strong></span> <span class='ocrx_word' id='word_1_411' title='bbox 570 3103 638 3175; x_wconf 90' lang='lat' dir='ltr'><strong>quia</strong></span> <span class='ocrx_word' id='word_1_412' title='bbox 652 3103 725 3159; x_wconf 81' lang='lat' dir='ltr'><strong>fides</strong></span> <span class='ocrx_word' id='word_1_413' title='bbox 748 3094 752 3171; x_wconf 79' lang='lat' dir='ltr'><strong>l</strong></span> <span class='ocrx_word' id='word_1_414' title='bbox 778 3103 816 3158; x_wconf 88' lang='lat' dir='ltr'><strong>rit</strong></span> <span class='ocrx_word' id='word_1_415' title='bbox 829 3102 965 3174; x_wconf 81' lang='lat' dir='ltr'><strong>cogitare,</strong></span> <span class='ocrx_word' id='word_1_416' title='bbox 981 3103 1060 3160; x_wconf 90' lang='lat' dir='ltr'><strong>etad</strong></span> <span class='ocrx_word' id='word_1_417' title='bbox 1077 3106 1169 3162; x_wconf 88' lang='lat' dir='ltr'><strong>Deum</strong></span> <span class='ocrx_word' id='word_1_418' title='bbox 1186 3114 1257 3180; x_wconf 91' lang='lat' dir='ltr'><strong>post</strong></span> <span class='ocrx_word' id='word_1_419' title='bbox 1271 3124 1360 3182; x_wconf 89' lang='lat' dir='ltr'><strong>pecca·</strong></span> 
     </span>
     <span class='ocr_line' id='line_1_62' title="bbox 137 3175 1360 3250; baseline -0.001 -14"><span class='ocrx_word' id='word_1_420' title='bbox 137 3194 202 3236; x_wconf 91' lang='lat' dir='ltr'><strong>eum</strong></span> <span class='ocrx_word' id='word_1_421' title='bbox 215 3177 324 3235; x_wconf 77' lang='lat' dir='ltr'><strong>salsum</strong></span> <span class='ocrx_word' id='word_1_422' title='bbox 338 3176 421 3244; x_wconf 87' lang='lat' dir='ltr'><strong>fecit;</strong></span> <span class='ocrx_word' id='word_1_423' title='bbox 437 3176 536 3233; x_wconf 82' lang='lat' dir='ltr'><strong>videus</strong></span> <span class='ocrx_word' id='word_1_424' title='bbox 546 3183 640 3232; x_wconf 92' lang='lat' dir='ltr'><strong>autem</strong></span> <span class='ocrx_word' id='word_1_425' title='bbox 655 3190 724 3230; x_wconf 89' lang='lat' dir='ltr'><strong>eon·</strong></span> <span class='ocrx_word' id='word_1_426' title='bbox 748 3180 751 3225; x_wconf 78' lang='lat' dir='ltr'><strong>t</strong></span> <span class='ocrx_word' id='word_1_427' title='bbox 776 3177 838 3231; x_wconf 90' lang='lat' dir='ltr'><strong>tum</strong></span> <span class='ocrx_word' id='word_1_428' title='bbox 859 3175 965 3246; x_wconf 87' lang='lat' dir='ltr'><strong>llendo,</strong></span> <span class='ocrx_word' id='word_1_429' title='bbox 979 3179 1007 3231; x_wconf 88' lang='lat' dir='ltr'><strong>et</strong></span> <span class='ocrx_word' id='word_1_430' title='bbox 1025 3175 1142 3234; x_wconf 84' lang='lat' dir='ltr'><strong>veniam</strong></span> <span class='ocrx_word' id='word_1_431' title='bbox 1156 3182 1286 3250; x_wconf 87' lang='lat' dir='ltr'><strong>petendo</strong></span> <span class='ocrx_word' id='word_1_432' title='bbox 1303 3180 1360 3237; x_wconf 89' lang='lat' dir='ltr'><strong>red·</strong></span> 
     </span>
     <span class='ocr_line' id='line_1_63' title="bbox 137 3244 1359 3320; baseline -0.002 -14"><span class='ocrx_word' id='word_1_433' title='bbox 137 3249 232 3306; x_wconf 85' lang='lat' dir='ltr'><strong>testim</strong></span> <span class='ocrx_word' id='word_1_434' title='bbox 258 3255 437 3320; x_wconf 75' lang='lat' dir='ltr'><strong>preeuntem</strong></span> <span class='ocrx_word' id='word_1_435' title='bbox 461 3250 558 3304; x_wconf 81' lang='lat' dir='ltr'><strong>lesum</strong></span> <span class='ocrx_word' id='word_1_436' title='bbox 583 3245 722 3318; x_wconf 86' lang='lat' dir='ltr'><strong>sequitur,</strong></span> <span class='ocrx_word' id='word_1_437' title='bbox 777 3244 839 3313; x_wconf 88' lang='lat' dir='ltr'><strong>ire;</strong></span> <span class='ocrx_word' id='word_1_438' title='bbox 856 3261 937 3303; x_wconf 90' lang='lat' dir='ltr'><strong>secus</strong></span> <span class='ocrx_word' id='word_1_439' title='bbox 956 3246 1031 3304; x_wconf 79' lang='lat' dir='ltr'><strong>viam</strong></span> <span class='ocrx_word' id='word_1_440' title='bbox 1056 3249 1146 3317; x_wconf 90' lang='lat' dir='ltr'><strong>sedet,</strong></span> <span class='ocrx_word' id='word_1_441' title='bbox 1165 3255 1195 3306; x_wconf 89' lang='lat' dir='ltr'><strong>et</strong></span> <span class='ocrx_word' id='word_1_442' title='bbox 1212 3252 1359 3309; x_wconf 87' lang='lat' dir='ltr'><strong>mendicat.</strong></span> 
     </span>
     <span class='ocr_line' id='line_1_64' title="bbox 135 3317 1360 3400; baseline 0.002 -25"><span class='ocrx_word' id='word_1_443' title='bbox 135 3321 251 3391; x_wconf 89' lang='lat' dir='ltr'><strong>quando</strong></span> <span class='ocrx_word' id='word_1_444' title='bbox 266 3318 330 3391; x_wconf 93' lang='lat' dir='ltr'><strong>quis</strong></span> <span class='ocrx_word' id='word_1_445' title='bbox 349 3318 458 3375; x_wconf 93' lang='lat' dir='ltr'><strong>bonum</strong></span> <span class='ocrx_word' id='word_1_446' title='bbox 475 3317 552 3390; x_wconf 91' lang='lat' dir='ltr'><strong>quod</strong></span> <span class='ocrx_word' id='word_1_447' title='bbox 572 3317 723 3400; x_wconf 73' lang='lat' dir='ltr'><strong>intelligit,</strong></span> <span class='ocrx_word' id='word_1_448' title='bbox 748 3348 751 3393; x_wconf 80' lang='lat' dir='ltr'><strong>t</strong></span> <span class='ocrx_word' id='word_1_449' title='bbox 777 3319 987 3375; x_wconf 74' lang='lat' dir='ltr'><strong>pretereuntes</strong></span> <span class='ocrx_word' id='word_1_450' title='bbox 1017 3335 1084 3376; x_wconf 86' lang='lat' dir='ltr'><strong>vero</strong></span> <span class='ocrx_word' id='word_1_451' title='bbox 1114 3319 1266 3380; x_wconf 87' lang='lat' dir='ltr'><strong>silentium</strong></span> <span class='ocrx_word' id='word_1_452' title='bbox 1294 3339 1360 3380; x_wconf 80' lang='lat' dir='ltr'><strong>caco</strong></span> 
     </span>
     <span class='ocr_line' id='line_1_65' title="bbox 135 3387 1360 3473; baseline 0.003 -27"><span class='ocrx_word' id='word_1_453' title='bbox 135 3390 238 3446; x_wconf 91' lang='lat' dir='ltr'><strong>intuitu</strong></span> <span class='ocrx_word' id='word_1_454' title='bbox 252 3391 315 3461; x_wconf 86' lang='lat' dir='ltr'><strong>ejus</strong></span> <span class='ocrx_word' id='word_1_455' title='bbox 332 3396 477 3471; x_wconf 81' lang='lat' dir='ltr'><strong>operatur,</strong></span> <span class='ocrx_word' id='word_1_456' title='bbox 493 3395 521 3444; x_wconf 90' lang='lat' dir='ltr'><strong>et</strong></span> <span class='ocrx_word' id='word_1_457' title='bbox 540 3404 605 3444; x_wconf 92' lang='lat' dir='ltr'><strong>eum</strong></span> <span class='ocrx_word' id='word_1_458' title='bbox 625 3388 723 3445; x_wconf 80' lang='lat' dir='ltr'><strong>imita·</strong></span> <span class='ocrx_word' id='word_1_459' title='bbox 747 3400 750 3473; x_wconf 62' lang='lat' dir='ltr'><strong>l</strong></span> <span class='ocrx_word' id='word_1_460' title='bbox 776 3387 923 3461; x_wconf 90' lang='lat' dir='ltr'><strong>imponere</strong></span> <span class='ocrx_word' id='word_1_461' title='bbox 939 3389 1049 3459; x_wconf 87' lang='lat' dir='ltr'><strong>volunt,</strong></span> <span class='ocrx_word' id='word_1_462' title='bbox 1067 3390 1134 3463; x_wconf 93' lang='lat' dir='ltr'><strong>quia</strong></span> <span class='ocrx_word' id='word_1_463' title='bbox 1154 3391 1297 3453; x_wconf 91' lang='lat' dir='ltr'><strong>immundi</strong></span> <span class='ocrx_word' id='word_1_464' title='bbox 1310 3394 1360 3468; x_wconf 89' lang='lat' dir='ltr'><strong>spi-</strong></span> 
     </span>
     <span class='ocr_line' id='line_1_66' title="bbox 135 3458 1360 3587; baseline 0.004 -70"><span class='ocrx_word' id='word_1_465' title='bbox 135 3466 192 3543; x_wconf 77' lang='lat' dir='ltr'><strong>tur.</strong></span> <span class='ocrx_word' id='word_1_466' title='bbox 211 3463 322 3542; x_wconf 80' lang='lat' dir='ltr'><strong>Quanto</strong></span> <span class='ocrx_word' id='word_1_467' title='bbox 344 3476 412 3531; x_wconf 80' lang='lat' dir='ltr'><strong>erge</strong></span> <span class='ocrx_word' id='word_1_468' title='bbox 428 3475 550 3587; x_wconf 58' lang='lat' dir='ltr'><strong>quisque</strong></span> <span class='ocrx_word' id='word_1_469' title='bbox 564 3458 628 3531; x_wconf 91' lang='lat' dir='ltr'><strong>plus</strong></span> <span class='ocrx_word' id='word_1_470' title='bbox 639 3477 655 3515; x_wconf 83' lang='lat' dir='ltr'><strong>a</strong></span> <span class='ocrx_word' id='word_1_471' title='bbox 665 3461 723 3517; x_wconf 89' lang='lat' dir='ltr'><strong>Deo</strong></span> <span class='ocrx_word' id='word_1_472' title='bbox 747 3498 750 3531; x_wconf 78' lang='lat'><strong>,</strong></span> <span class='ocrx_word' id='word_1_473' title='bbox 776 3458 849 3518; x_wconf 88' lang='lat' dir='ltr'><strong>ritus</strong></span> <span class='ocrx_word' id='word_1_474' title='bbox 864 3460 957 3518; x_wconf 88' lang='lat' dir='ltr'><strong>acrius</strong></span> <span class='ocrx_word' id='word_1_475' title='bbox 969 3467 1068 3519; x_wconf 88' lang='lat' dir='ltr'><strong>eontra</strong></span> <span class='ocrx_word' id='word_1_476' title='bbox 1083 3479 1160 3533; x_wconf 91' lang='lat' dir='ltr'><strong>eum,</strong></span> <span class='ocrx_word' id='word_1_477' title='bbox 1173 3480 1263 3536; x_wconf 86' lang='lat' dir='ltr'><strong>quem</strong></span> <span class='ocrx_word' id='word_1_478' title='bbox 1275 3467 1311 3524; x_wconf 91' lang='lat' dir='ltr'><strong>ad</strong></span> <span class='ocrx_word' id='word_1_479' title='bbox 1321 3483 1360 3522; x_wconf 84' lang='lat' dir='ltr'><strong>re·</strong></span> 
     </span>
     <span class='ocr_line' id='line_1_67' title="bbox 133 3532 1359 3615; baseline 0.003 -27"><span class='ocrx_word' id='word_1_480' title='bbox 133 3532 323 3615; x_wconf 75' lang='lat' dir='ltr'><strong>illummatus,</strong></span> <span class='ocrx_word' id='word_1_481' title='bbox 338 3536 421 3614; x_wconf 81' lang='lat' dir='ltr'><strong>tanto</strong></span> <span class='ocrx_word' id='word_1_482' title='bbox 436 3547 502 3603; x_wconf 85' lang='lat' dir='ltr'><strong>amp</strong></span> <span class='ocrx_word' id='word_1_483' title='bbox 514 3547 559 3587; x_wconf 85' lang='lat' dir='ltr'><strong>rus</strong></span> <span class='ocrx_word' id='word_1_484' title='bbox 580 3537 608 3587; x_wconf 88' lang='lat' dir='ltr'><strong>et</strong></span> <span class='ocrx_word' id='word_1_485' title='bbox 628 3532 723 3602; x_wconf 88' lang='lat' dir='ltr'><strong>perle-</strong></span> <span class='ocrx_word' id='word_1_486' title='bbox 746 3560 749 3577; x_wconf 84' lang='lat'><strong>·</strong></span> <span class='ocrx_word' id='word_1_487' title='bbox 776 3532 854 3590; x_wconf 86' lang='lat' dir='ltr'><strong>niam</strong></span> <span class='ocrx_word' id='word_1_488' title='bbox 871 3532 964 3590; x_wconf 88' lang='lat' dir='ltr'><strong>redire</strong></span> <span class='ocrx_word' id='word_1_489' title='bbox 979 3533 1112 3602; x_wconf 75' lang='lat' dir='ltr'><strong>viderint,</strong></span> <span class='ocrx_word' id='word_1_490' title='bbox 1130 3544 1320 3611; x_wconf 75' lang='lat' dir='ltr'><strong>consurgunt,</strong></span> <span class='ocrx_word' id='word_1_491' title='bbox 1335 3544 1359 3594; x_wconf 90' lang='lat' dir='ltr'><strong>et</strong></span> 
     </span>
     <span class='ocr_line' id='line_1_68' title="bbox 132 3603 1359 3678; baseline 0.008 -19"><span class='ocrx_word' id='word_1_492' title='bbox 132 3613 207 3660; x_wconf 85' lang='lat' dir='ltr'><strong>etrus</strong></span> <span class='ocrx_word' id='word_1_493' title='bbox 235 3619 265 3659; x_wconf 93' lang='lat' dir='ltr'><strong>m</strong></span> <span class='ocrx_word' id='word_1_494' title='bbox 284 3604 367 3660; x_wconf 82' lang='lat' dir='ltr'><strong>boms</strong></span> <span class='ocrx_word' id='word_1_495' title='bbox 390 3603 525 3675; x_wconf 89' lang='lat' dir='ltr'><strong>operibus</strong></span> <span class='ocrx_word' id='word_1_496' title='bbox 543 3617 674 3659; x_wconf 81' lang='lat' dir='ltr'><strong>exercere</strong></span> <span class='ocrx_word' id='word_1_497' title='bbox 693 3619 723 3660; x_wconf 89' lang='lat' dir='ltr'><strong>se</strong></span> <span class='ocrx_word' id='word_1_498' title='bbox 746 3624 749 3669; x_wconf 83' lang='lat'>;</span> <span class='ocrx_word' id='word_1_499' title='bbox 776 3620 812 3660; x_wconf 92' lang='lat' dir='ltr'><strong>ne</strong></span> <span class='ocrx_word' id='word_1_500' title='bbox 827 3610 960 3676; x_wconf 90' lang='lat' dir='ltr'><strong>peccator</strong></span> <span class='ocrx_word' id='word_1_501' title='bbox 977 3605 1014 3662; x_wconf 91' lang='lat' dir='ltr'><strong>ad</strong></span> <span class='ocrx_word' id='word_1_502' title='bbox 1034 3606 1237 3678; x_wconf 68' lang='lat' dir='ltr'><strong>poenitentiam</strong></span> <span class='ocrx_word' id='word_1_503' title='bbox 1251 3612 1359 3669; x_wconf 85' lang='lat' dir='ltr'><strong>redeat.</strong></span> 
     </span>
     <span class='ocr_line' id='line_1_69' title="bbox 132 3673 1358 3759; baseline 0.002 -27"><span class='ocrx_word' id='word_1_504' title='bbox 132 3675 227 3759; x_wconf 75' lang='lat' dir='ltr'><strong>delet,</strong></span> <span class='ocrx_word' id='word_1_505' title='bbox 247 3674 320 3731; x_wconf 89' lang='lat' dir='ltr'><strong>sieut</strong></span> <span class='ocrx_word' id='word_1_506' title='bbox 347 3673 401 3732; x_wconf 89' lang='lat' dir='ltr'><strong>iste</strong></span> <span class='ocrx_word' id='word_1_507' title='bbox 421 3691 522 3745; x_wconf 82' lang='lat' dir='ltr'><strong>caecus,</strong></span> <span class='ocrx_word' id='word_1_508' title='bbox 543 3679 657 3747; x_wconf 82' lang='lat' dir='ltr'><strong>recepto</strong></span> <span class='ocrx_word' id='word_1_509' title='bbox 678 3674 722 3731; x_wconf 94' lang='lat' dir='ltr'><strong>lu·</strong></span> <span class='ocrx_word' id='word_1_510' title='bbox 745 3682 748 3747; x_wconf 67' lang='grc' dir='ltr'>ξ</span> <span class='ocrx_word' id='word_1_511' title='bbox 775 3677 981 3734; x_wconf 87' lang='lat' dir='ltr'><strong>contradicunt.</strong></span> <span class='ocrx_word' id='word_1_512' title='bbox 1012 3679 1069 3735; x_wconf 83' lang='lat' dir='ltr'><strong>Nee</strong></span> <span class='ocrx_word' id='word_1_513' title='bbox 1096 3678 1189 3735; x_wconf 91' lang='lat' dir='ltr'><strong>solum</strong></span> <span class='ocrx_word' id='word_1_514' title='bbox 1226 3680 1358 3739; x_wconf 88' lang='lat' dir='ltr'><strong>immundi</strong></span> 
     </span>
     <span class='ocr_line' id='line_1_70' title="bbox 131 3746 1359 3823; baseline 0.003 -18"><span class='ocrx_word' id='word_1_515' title='bbox 131 3764 220 3817; x_wconf 77' lang='lat' dir='ltr'><strong>ritune,</strong></span> <span class='ocrx_word' id='word_1_516' title='bbox 238 3763 297 3804; x_wconf 88' lang='lat' dir='ltr'><strong>non</strong></span> <span class='ocrx_word' id='word_1_517' title='bbox 311 3747 392 3820; x_wconf 80' lang='lat' dir='ltr'><strong>piger</strong></span> <span class='ocrx_word' id='word_1_518' title='bbox 410 3747 560 3818; x_wconf 86' lang='lat' dir='ltr'><strong>remansit,</strong></span> <span class='ocrx_word' id='word_1_519' title='bbox 576 3763 628 3804; x_wconf 88' lang='lat' dir='ltr'><strong>nec</strong></span> <span class='ocrx_word' id='word_1_520' title='bbox 643 3751 721 3803; x_wconf 92' lang='lat' dir='ltr'><strong>retro</strong></span> <span class='ocrx_word' id='word_1_521' title='bbox 745 3750 748 3803; x_wconf 82' lang='grc' dir='ltr'>ἰ</span> <span class='ocrx_word' id='word_1_522' title='bbox 775 3746 903 3818; x_wconf 90' lang='lat' dir='ltr'><strong>spiritus,</strong></span> <span class='ocrx_word' id='word_1_523' title='bbox 918 3748 968 3806; x_wconf 89' lang='lat' dir='ltr'><strong>sed</strong></span> <span class='ocrx_word' id='word_1_524' title='bbox 988 3748 1074 3806; x_wconf 86' lang='lat' dir='ltr'><strong>etiam</strong></span> <span class='ocrx_word' id='word_1_525' title='bbox 1101 3749 1165 3823; x_wconf 90' lang='lat' dir='ltr'><strong>ipsa</strong></span> <span class='ocrx_word' id='word_1_526' title='bbox 1186 3753 1359 3811; x_wconf 87' lang='lat' dir='ltr'><strong>consuetude</strong></span> 
     </span>
     <span class='ocr_line' id='line_1_71' title="bbox 129 3818 1360 3895; baseline 0.003 -18"><span class='ocrx_word' id='word_1_527' title='bbox 129 3818 719 3879; x_wconf 84' lang='lat' dir='ltr'><strong>rediit.Ethietalisnonsoluminlteum</strong></span> <span class='ocrx_word' id='word_1_528' title='bbox 744 3882 747 3895; x_wconf 32' lang='grc' dir='ltr'><em>ι</em></span> <span class='ocrx_word' id='word_1_529' title='bbox 775 3820 914 3890; x_wconf 89' lang='lat' dir='ltr'><strong>peccandi</strong></span> <span class='ocrx_word' id='word_1_530' title='bbox 945 3821 1043 3878; x_wconf 89' lang='lat' dir='ltr'><strong>durius</strong></span> <span class='ocrx_word' id='word_1_531' title='bbox 1073 3820 1173 3894; x_wconf 89' lang='lat' dir='ltr'><strong>incipit</strong></span> <span class='ocrx_word' id='word_1_532' title='bbox 1212 3825 1360 3890; x_wconf 84' lang='lat' dir='ltr'><strong>rebellare,</strong></span> 
     </span>
     <span class='ocr_line' id='line_1_72' title="bbox 128 3890 1357 4021; baseline 0.001 -71"><span class='ocrx_word' id='word_1_533' title='bbox 128 3893 262 4021; x_wconf 69' lang='lat' dir='ltr'><strong>Brofieit3</strong></span> <span class='ocrx_word' id='word_1_534' title='bbox 278 3890 329 3948; x_wconf 91' lang='lat' dir='ltr'><strong>sed</strong></span> <span class='ocrx_word' id='word_1_535' title='bbox 347 3891 432 3947; x_wconf 86' lang='lat' dir='ltr'><strong>etiam</strong></span> <span class='ocrx_word' id='word_1_536' title='bbox 458 3890 529 3948; x_wconf 86' lang='lat' dir='ltr'><strong>alios</strong></span> <span class='ocrx_word' id='word_1_537' title='bbox 549 3892 586 3948; x_wconf 86' lang='lat' dir='ltr'><strong>ad</strong></span> <span class='ocrx_word' id='word_1_538' title='bbox 608 3890 719 3947; x_wconf 86' lang='lat' dir='ltr'><strong>laudem</strong></span> <span class='ocrx_word' id='word_1_539' title='bbox 744 3930 747 3943; x_wconf 91' lang='lat'><strong>.</strong></span> <span class='ocrx_word' id='word_1_540' title='bbox 773 3906 838 3947; x_wconf 90' lang='lat' dir='ltr'><strong>cum</strong></span> <span class='ocrx_word' id='word_1_541' title='bbox 855 3893 986 3962; x_wconf 83' lang='lat' dir='ltr'><strong>senserit,</strong></span> <span class='ocrx_word' id='word_1_542' title='bbox 1007 3898 1070 3965; x_wconf 90' lang='lat' dir='ltr'><strong>post</strong></span> <span class='ocrx_word' id='word_1_543' title='bbox 1087 3898 1204 3952; x_wconf 86' lang='lat' dir='ltr'><strong>assueta</strong></span> <span class='ocrx_word' id='word_1_544' title='bbox 1221 3898 1309 3967; x_wconf 89' lang='lat' dir='ltr'><strong>mala,</strong></span> <span class='ocrx_word' id='word_1_545' title='bbox 1325 3895 1357 3952; x_wconf 90' lang='lat' dir='ltr'><strong>ad</strong></span> 
     </span>
    </p>

    <p class='ocr_par' dir='ltr' id='par_1_15' title="bbox 124 3961 1359 4402">
     <span class='ocr_line' id='line_1_73' title="bbox 153 3961 1359 4033; baseline 0.005 -12"><span class='ocrx_word' id='word_1_546' title='bbox 153 3965 178 4022; x_wconf 89' lang='lat' dir='ltr'><strong>ei</strong></span> <span class='ocrx_word' id='word_1_547' title='bbox 192 3963 333 4023; x_wconf 88' lang='lat' dir='ltr'><strong>accendit.</strong></span> <span class='ocrx_word' id='word_1_548' title='bbox 349 3964 400 4019; x_wconf 80' lang='lat' dir='ltr'><strong>Ubi</strong></span> <span class='ocrx_word' id='word_1_549' title='bbox 415 3962 456 4019; x_wconf 88' lang='lat' dir='ltr'><strong>ait</strong></span> <span class='ocrx_word' id='word_1_550' title='bbox 470 3964 618 4033; x_wconf 80' lang='lat' dir='ltr'><strong>dreperius</strong></span> <span class='ocrx_word' id='word_1_551' title='bbox 634 3980 641 4018; x_wconf 90' lang='lat'><strong>:</strong></span> <span class='ocrx_word' id='word_1_552' title='bbox 661 3984 675 4012; x_wconf 69' lang='grc' dir='ltr'><strong>(ε</strong></span> <span class='ocrx_word' id='word_1_553' title='bbox 691 3961 720 4019; x_wconf 90' lang='lat' dir='ltr'><strong>Si</strong></span> <span class='ocrx_word' id='word_1_554' title='bbox 743 3974 746 4021; x_wconf 72' lang='lat' dir='ltr'><strong>t</strong></span> <span class='ocrx_word' id='word_1_555' title='bbox 773 3963 893 4020; x_wconf 77' lang='lat' dir='ltr'><strong>uirtutes</strong></span> <span class='ocrx_word' id='word_1_556' title='bbox 918 3963 1062 4021; x_wconf 87' lang='lat' dir='ltr'><strong>hominem</strong></span> <span class='ocrx_word' id='word_1_557' title='bbox 1084 3965 1157 4022; x_wconf 79' lang='lat' dir='ltr'><strong>uelle</strong></span> <span class='ocrx_word' id='word_1_558' title='bbox 1183 3968 1292 4026; x_wconf 91' lang='lat' dir='ltr'><strong>redire.</strong></span> <span class='ocrx_word' id='word_1_559' title='bbox 1308 3966 1359 4026; x_wconf 87' lang='lat' dir='ltr'><strong>Sed</strong></span> 
     </span>
     <span class='ocr_line' id='line_1_74' title="bbox 128 4033 1358 4112; baseline 0.003 -18"><span class='ocrx_word' id='word_1_560' title='bbox 128 4052 212 4109; x_wconf 83' lang='lat' dir='ltr'><strong>crgo,</strong></span> <span class='ocrx_word' id='word_1_561' title='bbox 242 4036 346 4094; x_wconf 85' lang='lat' dir='ltr'><strong>iratres</strong></span> <span class='ocrx_word' id='word_1_562' title='bbox 379 4033 529 4104; x_wconf 86' lang='lat' dir='ltr'><strong>carissimi,</strong></span> <span class='ocrx_word' id='word_1_563' title='bbox 551 4036 718 4105; x_wconf 71' lang='lat' dir='ltr'><strong>cecitatem,</strong></span> <span class='ocrx_word' id='word_1_564' title='bbox 743 4038 745 4073; x_wconf 78' lang='lat'>³</span> <span class='ocrx_word' id='word_1_565' title='bbox 773 4050 829 4107; x_wconf 89' lang='lat' dir='ltr'><strong>qun</strong></span> <span class='ocrx_word' id='word_1_566' title='bbox 841 4034 935 4092; x_wconf 90' lang='lat' dir='ltr'><strong>acrius</strong></span> <span class='ocrx_word' id='word_1_567' title='bbox 950 4052 980 4093; x_wconf 89' lang='lat' dir='ltr'><strong>se</strong></span> <span class='ocrx_word' id='word_1_568' title='bbox 991 4038 1079 4092; x_wconf 91' lang='lat' dir='ltr'><strong>sentit</strong></span> <span class='ocrx_word' id='word_1_569' title='bbox 1094 4040 1258 4112; x_wconf 80' lang='lat' dir='ltr'><strong>impugnari</strong></span> <span class='ocrx_word' id='word_1_570' title='bbox 1272 4057 1291 4098; x_wconf 88' lang='lat' dir='ltr'><strong>a</strong></span> <span class='ocrx_word' id='word_1_571' title='bbox 1304 4056 1358 4097; x_wconf 85' lang='lat' dir='ltr'><strong>ma·</strong></span> 
     </span>
     <span class='ocr_line' id='line_1_75' title="bbox 124 4105 1357 4183; baseline 0.002 -19"><span class='ocrx_word' id='word_1_572' title='bbox 124 4108 184 4181; x_wconf 88' lang='lat' dir='ltr'><strong>jam</strong></span> <span class='ocrx_word' id='word_1_573' title='bbox 199 4115 304 4167; x_wconf 71' lang='lat' dir='ltr'><strong>nostrae</strong></span> <span class='ocrx_word' id='word_1_574' title='bbox 318 4105 555 4181; x_wconf 83' lang='lat' dir='ltr'><strong>peregrinationis</strong></span> <span class='ocrx_word' id='word_1_575' title='bbox 574 4121 718 4178; x_wconf 81' lang='lat' dir='ltr'><strong>recogno·</strong></span> <span class='ocrx_word' id='word_1_576' title='bbox 741 4114 744 4173; x_wconf 75' lang='lat' dir='ltr'>s</span> <span class='ocrx_word' id='word_1_577' title='bbox 772 4105 915 4177; x_wconf 80' lang='lat' dir='ltr'><strong>lignorum</strong></span> <span class='ocrx_word' id='word_1_578' title='bbox 944 4107 1095 4179; x_wconf 89' lang='lat' dir='ltr'><strong>spirituum</strong></span> <span class='ocrx_word' id='word_1_579' title='bbox 1120 4110 1294 4183; x_wconf 87' lang='lat' dir='ltr'><strong>tentatione,</strong></span> <span class='ocrx_word' id='word_1_580' title='bbox 1309 4128 1357 4168; x_wconf 88' lang='lat' dir='ltr'><strong>seu</strong></span> 
     </span>
     <span class='ocr_line' id='line_1_76' title="bbox 128 4176 1359 4309; baseline 0.002 -72"><span class='ocrx_word' id='word_1_581' title='bbox 128 4181 254 4251; x_wconf 88' lang='lat' dir='ltr'><strong>seimus;</strong></span> <span class='ocrx_word' id='word_1_582' title='bbox 270 4181 304 4251; x_wconf 91' lang='lat' dir='ltr'><strong>si,</strong></span> <span class='ocrx_word' id='word_1_583' title='bbox 320 4180 462 4238; x_wconf 90' lang='lat' dir='ltr'><strong>eredendo</strong></span> <span class='ocrx_word' id='word_1_584' title='bbox 477 4177 505 4235; x_wconf 92' lang='lat' dir='ltr'><strong>in</strong></span> <span class='ocrx_word' id='word_1_585' title='bbox 520 4176 719 4249; x_wconf 87' lang='lat' dir='ltr'><strong>Redemptnris</strong></span> <span class='ocrx_word' id='word_1_586' title='bbox 739 4176 743 4263; x_wconf 65' lang='lat' dir='ltr'><strong>f</strong></span> <span class='ocrx_word' id='word_1_587' title='bbox 771 4179 807 4235; x_wconf 83' lang='lat' dir='ltr'><strong>ab</strong></span> <span class='ocrx_word' id='word_1_588' title='bbox 834 4177 895 4252; x_wconf 93' lang='lat' dir='ltr'><strong>ipsa</strong></span> <span class='ocrx_word' id='word_1_589' title='bbox 920 4178 1058 4309; x_wconf 63' lang='lat' dir='ltr'><strong>Eeeeandi</strong></span> <span class='ocrx_word' id='word_1_590' title='bbox 1081 4182 1310 4254; x_wconf 86' lang='lat' dir='ltr'><strong>consuetudine,</strong></span> <span class='ocrx_word' id='word_1_591' title='bbox 1327 4198 1359 4240; x_wconf 86' lang='lat' dir='ltr'><strong>eo</strong></span> 
     </span>
     <span class='ocr_line' id='line_1_77' title="bbox 125 4249 1358 4328; baseline 0.003 -20"><span class='ocrx_word' id='word_1_592' title='bbox 125 4253 218 4310; x_wconf 88' lang='lat' dir='ltr'><strong>uestri</strong></span> <span class='ocrx_word' id='word_1_593' title='bbox 239 4252 417 4325; x_wconf 74' lang='lat' dir='ltr'><strong>mysterium,</strong></span> <span class='ocrx_word' id='word_1_594' title='bbox 439 4253 520 4324; x_wconf 85' lang='lat' dir='ltr'><strong>juxta</strong></span> <span class='ocrx_word' id='word_1_595' title='bbox 539 4251 614 4307; x_wconf 78' lang='lat' dir='ltr'><strong>uiam</strong></span> <span class='ocrx_word' id='word_1_596' title='bbox 635 4250 716 4306; x_wconf 90' lang='lat' dir='ltr'><strong>sede·</strong></span> <span class='ocrx_word' id='word_1_597' title='bbox 771 4249 872 4307; x_wconf 88' lang='lat' dir='ltr'><strong>lortius</strong></span> <span class='ocrx_word' id='word_1_598' title='bbox 884 4251 919 4307; x_wconf 87' lang='lat' dir='ltr'><strong>de</strong></span> <span class='ocrx_word' id='word_1_599' title='bbox 940 4256 969 4308; x_wconf 89' lang='lat' dir='ltr'><strong>et</strong></span> <span class='ocrx_word' id='word_1_600' title='bbox 983 4251 1111 4325; x_wconf 83' lang='lat' dir='ltr'><strong>exemplo</strong></span> <span class='ocrx_word' id='word_1_601' title='bbox 1123 4252 1211 4326; x_wconf 66' lang='lat' dir='ltr'><strong>hunus</strong></span> <span class='ocrx_word' id='word_1_602' title='bbox 1223 4255 1293 4314; x_wconf 85' lang='lat' dir='ltr'><strong>caeei</strong></span> <span class='ocrx_word' id='word_1_603' title='bbox 1306 4272 1358 4328; x_wconf 93' lang='lat' dir='ltr'><strong>pu·</strong></span> 
     </span>
     <span class='ocr_line' id='line_1_78' title="bbox 125 4266 1357 4402; baseline 0.006 -23"><span class='ocrx_word' id='word_1_604' title='bbox 125 4338 203 4393; x_wconf 82' lang='lat' dir='ltr'><strong>mus3</strong></span> <span class='ocrx_word' id='word_1_605' title='bbox 216 4323 251 4393; x_wconf 89' lang='lat' dir='ltr'><strong>si,</strong></span> <span class='ocrx_word' id='word_1_606' title='bbox 263 4326 404 4381; x_wconf 80' lang='lat' dir='ltr'><strong>exorando</strong></span> <span class='ocrx_word' id='word_1_607' title='bbox 416 4320 542 4397; x_wconf 87' lang='lat' dir='ltr'><strong>quotidie</strong></span> <span class='ocrx_word' id='word_1_608' title='bbox 551 4322 588 4381; x_wconf 86' lang='lat' dir='ltr'><strong>ab</strong></span> <span class='ocrx_word' id='word_1_609' title='bbox 594 4324 716 4380; x_wconf 77' lang='lat' dir='ltr'><strong>Auctore</strong></span> <span class='ocrx_word' id='word_1_610' title='bbox 738 4266 742 4381; x_wconf 59' lang='grc' dir='ltr'>Ι</span> <span class='ocrx_word' id='word_1_611' title='bbox 770 4338 860 4395; x_wconf 78' lang='lat' dir='ltr'><strong>gnare</strong></span> <span class='ocrx_word' id='word_1_612' title='bbox 877 4322 907 4379; x_wconf 94' lang='lat' dir='ltr'><strong>in</strong></span> <span class='ocrx_word' id='word_1_613' title='bbox 920 4322 1063 4396; x_wconf 88' lang='lat' dir='ltr'><strong>oratione,</strong></span> <span class='ocrx_word' id='word_1_614' title='bbox 1076 4322 1231 4385; x_wconf 83' lang='lat' dir='ltr'><strong>clamando</strong></span> <span class='ocrx_word' id='word_1_615' title='bbox 1243 4343 1298 4402; x_wconf 90' lang='lat' dir='ltr'><strong>per</strong></span> <span class='ocrx_word' id='word_1_616' title='bbox 1310 4326 1357 4385; x_wconf 84' lang='lat' dir='ltr'><strong>de-</strong></span> 
     </span>
    </p>
   </div>
   <div class='ocr_carea' id='block_1_14' title="bbox 0 0 1414 4928">
    <p class='ocr_par' dir='ltr' id='par_1_16' title="bbox 0 0 1414 4928">
     <span class='ocr_line' id='line_1_79' title="bbox 0 0 1414 4928; baseline 0 4"><span class='ocrx_word' id='word_1_617' title='bbox 0 0 1414 4928; x_wconf 95' lang='lat' dir='ltr'><strong> </strong></span> 
     </span>
    </p>
   </div>
  </div>
 </body>
</html>
