2820 4928
230 299 269 352 bn
297 296 554 352 nxnonnlnlonn
582 297 623 349 lb
650 295 853 357 snonnnndlt
881 296 1069 359 tnnlstnll,
1099 296 1169 352 lic.
1286 296 1313 352 il

79 379 255 473 'relietiener
267 402 422 462 secundum
434 402 464 461 in
475 401 676 475 concupiscen-

90 476 138 535 tias
164 476 259 534 carnis
283 475 487 544 reluctatione,
513 481 541 532 et
567 479 674 546 quanto

90 548 193 606 tortior
205 549 238 604 flt
251 547 306 605 ista
317 563 422 629 pngna,
432 553 516 628 tanto¹
524 545 676 619 gloriosior

90 619 208 677 victoria
221 619 364 692 martyri1;
380 618 495 678 tertium
508 634 539 675 m
551 617 681 693 proprie·

87 689 242 748 uoluntatis
260 690 456 758 abdicatione,
493 689 548 757 uia,
572 706 673 749 secun-

90 763 158 820 dnm
168 764 337 832 erponem,
353 778 404 834 per
415 706 675 844 obedientiamnrna-

90 841 186 892 otetur
200 836 330 893 voluntas
344 849 470 906 propria,
488 839 517 891 et
529 849 580 905 per
592 838 674 892 victi·

89 923 167 963 mam
185 907 378 974 carnalisne,
396 910 424 964 et
440 906 505 964 ideo
520 905 676 965 obedientie

88 978 196 1035 dicitur
206 980 304 1035 melior
317 994 401 1049 quem
412 979 536 1034 uictima.

120 1051 255 1118 lannrrs
269 1066 415 1106 pearsonio
432 1067 438 1107 :
455 1065 575 1104 mirano
593 1048 676 1105 Cent-

85 1139 127 1177 srr
145 1138 270 1188 rnrrnrcr,
291 1138 346 1183 oua
365 1137 417 1178 noe
436 1137 594 1185 suessan,
618 1135 675 1176 vm.

86 1223 118 1239 -·
133 1193 278 1259 Quantum
290 1192 327 1249 ad
339 1193 466 1258 tertium,
475 1191 512 1248 de
522 1190 587 1248 vitas
601 1188 679 1247 Chri·

90 1262 126 1319 sti
145 1262 318 1330 imitatione,
332 1262 482 1318 sciendum
502 1260 578 1331 qnod
597 1259 679 1317 Chri·

91 1341 168 1390 mum
184 1334 268 1415 sequi
281 1332 351 1389 nibil
369 1331 445 1412 aliud
460 1335 602 1413 estunam
620 1332 679 1401 ejus

93 1403 215 1475 vestigia
229 1405 345 1472 imitari,
362 1409 391 1460 et
409 1419 469 1473 epus
488 1410 553 1460 ritas
567 1403 678 1461 conloc-

93 1477 177 1533 mari.
196 1478 290 1546 lpsum
307 1481 402 1532 autem
419 1475 524 1531 imitari
541 1474 678 1532 debemus

90 1546 195 1618 triplici
212 1545 267 1613 ria,
281 1561 337 1618 que
357 1561 410 1602 nos
426 1546 581 1616 precessit,
599 1544 677 1604 ride·

92 1618 172 1675 licet:
197 1617 384 1690 paupertatis,
405 1616 573 1675 humilitatis
591 1621 676 1688 atque

91 1688 261 1761 asperitatis.
281 1689 408 1746 Christus
424 1689 511 1757 enim,
524 1690 552 1746 in
566 1704 617 1747 suo
634 1689 676 1744 in·

91 1778 189 1833 gressu
209 1759 291 1818 nobis
310 1759 425 1831 reliquit
439 1761 598 1831 exemplum
616 1759 675 1819 sin·

728 401 904 461 orationibus
923 403 1065 470 atteritur,
1084 419 1121 462 ne
1142 418 1208 464 earo
1229 400 1314 461 lasel-

728 474 796 542 riat,
820 482 850 531 et
872 481 971 535 contra
995 475 1126 546 spiritum
1151 492 1180 534 se
1204 475 1314 545 erigere

729 546 912 617 pertinaciter
926 563 982 605 non
994 553 1161 617 praesumat;
1175 547 1313 616 secundo,

729 634 779 688 per
789 618 954 687 temporetis
962 619 1313 689 commodiebjectionem,

729 691 796 760 qnia
809 692 859 760 qut
875 689 958 747 nimis
973 691 1090 748 cellone
1103 693 1193 748 nutrit
1205 706 1314 747 servum

728 776 817 827 suum,
843 761 950 819 scilicet
975 778 1076 831 corpus
1103 777 1196 831 suum,
1219 766 1315 832 posteo

728 836 826 891 sentiet
838 850 898 890 enm
911 839 1104 901 contumacem,
1116 840 1145 891 et
1157 833 1219 890 ideo
1229 832 1316 891 debet

729 920 842 975 semper
853 906 881 962 in
890 907 984 978 rigore
998 906 1100 973 teneri,
1113 910 1143 962 ut
1155 903 1314 977 tnagiseub·

727 975 844 1055 liniatur
853 976 961 1045 spiritui
971 994 979 1045 3
990 976 1086 1045 tertio,
1102 992 1151 1048 pcc
1164 974 1314 1048 poenalita-

731 1054 791 1104 tum
811 1047 998 1106 voluntariam
1016 1047 1238 1119 perpessionem,
1264 1048 1316 1103 sic·

732 1122 763 1174 ut
777 1119 904 1189 Apostoli
916 1123 944 1174 et
957 1125 1107 1190 martyres,
1119 1119 1166 1191 qui
1177 1135 1228 1191 pro
1237 1119 1315 1176 Chri-

734 1195 778 1246 sto
795 1190 955 1247 rolunturie
980 1196 1045 1249 sunt
1066 1193 1139 1261 passi
1152 1208 1159 1246 :
1174 1197 1203 1247 et
1221 1189 1317 1247 omnia

733 1259 788 1319 ista
807 1258 933 1317 Christus
953 1261 1028 1329 lecit,
1045 1264 1269 1333 etsemetipsum
1288 1262 1316 1317 in

733 1331 893 1402 exemplum
919 1330 1007 1390 dedit.
1034 1363 1068 1374 -
1096 1331 1207 1397 Tertio,
1233 1331 1317 1387 debet

733 1402 1318 1474 relinquereanimamsuam,perproprim

732 1475 885 1531 voluntatis
901 1473 1122 1541 abdicationem,
1140 1481 1170 1530 ut
1185 1474 1318 1532 volunte-

731 1551 788 1604 tem
809 1561 891 1603 suam
911 1545 1016 1602 divinae
1038 1545 1175 1604 voluntati
1194 1545 1235 1602 lta
1251 1561 1317 1603 con·

730 1617 842 1677 lorrnet.
860 1618 935 1688 quod
961 1617 1121 1677 nihilaliul
1149 1618 1232 1680 velit.
1260 1618 1314 1675 nisi

730 1688 823 1745 solnm
842 1688 912 1746 illud
936 1691 1012 1760 qnod
1040 1689 1145 1748 divinae
1174 1689 1313 1745 voluntati

731 1759 940 1830 beneplacitum
958 1759 1060 1827 l‘uerit;
1078 1762 1132 1819 hoc
1156 1761 1232 1820 enim
1248 1760 1316 1819 lecit

90 1832 219 1889 cerrima
232 1831 417 1958 paupertatis,
433 1832 461 1889 ln
470 1847 622 1902 progressu
633 1847 678 1889 ex·

530 1898 534 1903 ·
732 1833 791 1903 ipse
805 1833 944 1899 Christus,
960 1831 1008 1903 qui
1024 1833 1110 1891 dixit:
1127 1835 1271 1898 Veniente
1286 1837 1317 1889 ut

92 1905 217 1974 emplum
237 1919 288 1974 prro
303 1902 464 1960 nudissimm
484 1901 676 1970 humilitatis,

730 1906 835 1972 [aetem
855 1905 1024 1961 uoluntatem
1038 1921 1136 1973 racem,
1159 1904 1207 1961 sed
1224 1904 1319 1961 votet-

732 1979 816 2032 tatem
839 1974 899 2044 ejus
947 1978 978 2032 ui
1001 1979 1078 2031 misit
1100 1991 1151 2032 mo.
1178 1975 1257 2033 Unde
1282 1973 1319 2030 ad

733 2046 906 2108 satientatem
921 1992 1047 2104 diluam
1062 2045 1102 2103 ita
1117 2046 1224 2103 babeas
1240 2061 1320 2116 regu·

91 1976 140 2032 sed
153 1974 181 2031 in
193 1991 305 2046 egressu
318 1974 476 2046 exemplum
490 1973 678 2032 acerbissimae

90 2045 274 2176 Eoenalitatis.
287 2048 330 2114 Et,
347 2048 413 2116 urrin
429 2047 458 2103 in
473 2045 516 2102 his
531 2046 622 2103 tribus
632 2045 680 2103 de·

111 2134 191 2175 emus
207 2117 308 2174 Christi
326 2116 445 2188 vestigia
458 2118 548 2189 sequi,
562 2116 627 2174 ideo
642 2117 679 2174 ed
734 2119 790 2175 lam
809 2123 837 2174 et
855 2131 1018 2177 mensuram
1034 2117 1161 2176 omniurn
1176 2116 1319 2174 actionum

88 2190 185 2263 jugem
201 2204 300 2246 eorum
314 2188 483 2247 memoriam
501 2205 551 2247 nos
564 2187 677 2257 invitat,
732 2193 855 2254 tuarum,
866 2192 905 2247 sic
918 2190 993 2260 uuod
1008 2189 1037 2245 in
1052 2189 1186 2249 omnibus
1202 2187 1319 2244 actioni·

92 2263 189 2316 dicens
208 2277 215 2316 :
239 2261 391 2317 Recordare
408 2262 584 2332 paupertatis
602 2277 677 2329 mete,
732 2260 786 2318 bus
801 2266 826 2316 el
846 2260 996 2318 desideriis
1013 2261 1080 2330 tuis,
1097 2260 1168 2319 nihil
1184 2258 1319 2331 concupi·

91 2338 230 2404 quantum
251 2333 286 2388 ad
302 2333 441 2402 primum;
458 2338 484 2389 et
497 2334 676 2400 transpressi·
732 2348 804 2400 scas,
820 2332 873 2389 nisi
888 2334 962 2403 quod
979 2334 1070 2391 honor
1087 2332 1135 2389 Dei
1155 2332 1183 2390 in
1209 2336 1237 2388 te
1256 2346 1320 2388 am-

92 2407 151 2459 onis
163 2419 239 2470 mea,
250 2401 277 2461 id
289 2408 332 2459 est
346 2402 574 2472 profundissima
587 2402 679 2462 humi·
732 2403 845 2475 plietur,
860 2407 888 2460 et
905 2407 931 2459 in
945 2403 1079 2462 omnibus
1093 2403 1155 2461 aliie
1168 2404 1317 2460 creaturis.

92 2473 198 2541 litatis,
227 2479 365 2544 quantum
390 2473 426 2530 ad
450 2476 624 2544 securrdum3
651 2478 678 2532 et
768 2480 783 2533 5
818 2477 896 2532 Mons
926 2493 1112 2545 srrntrusnrs,
1144 2493 1179 2532 au
1210 2476 1320 2531 Cantent

92 2546 228 2601 absinthii
241 2550 266 2601 et
279 2546 366 2612 sellie.
382 2544 411 2601 id
431 2551 474 2602 est
493 2548 677 2604 arnarissirnts
731 2564 883 2614 rusurensi,
904 2563 1036 2605 onsnrnne
1060 2563 1180 2611 ouinonr
1203 2562 1319 2603 enarrer·

91 2617 244 2686 Passionis,
269 2622 407 2690 quantum
430 2617 467 2675 ad
493 2619 617 2676 tertium.
644 2620 678 2675 Et
731 2636 793 2677 run.
813 2649 847 2663 ···
866 2619 920 2675 Sed
936 2624 977 2677 est
991 2619 1149 2686 sciendum,
1165 2618 1241 2699 qnod
1259 2616 1321 2673 nul·
1345 2647 1347 2650 <

89 2693 168 2756 nom,
189 2687 440 2759 quodomnia,‚in
462 2689 565 2761 quibus
582 2688 676 2747 devoti
731 2691 774 2747 lus
798 2695 891 2762 potest
914 2690 1007 2748 vivere
1032 2691 1090 2747 vita
1112 2691 1234 2757 Christi,
1263 2686 1317 2743 nisi

91 2765 245 2817 sectatores
302 2758 464 2817 erfectionis
500 2761 677 2832 Evangelicaa
731 2762 818 2818 etiam
839 2762 977 2820 moriatur
1000 2768 1090 2819 morte
1111 2761 1232 2828 Clrristi;
1256 2762 1319 2815 ideo

92 2832 237 2913 Christum
246 2776 352 2887 deflent
363 2831 479 2900 imitari,
488 2839 516 2889 et
528 2834 590 2904 ejus
601 2834 678 2891 slmi-
732 2833 805 2889 sicut
815 2833 953 2895 Christus.
965 2848 1017 2903 per
1026 2835 1081 2890 hoc
1094 2833 1171 2902 quod
1186 2848 1219 2888 er
1232 2828 1321 2887 nimia

93 2902 208 2959 litudrnt
229 2903 410 2972 conformari,
430 2908 549 2974 possunt
574 2910 602 2961 et
625 2906 679 2960 hoc

94 2973 233 3030 modoad
252 2973 307 3030 tria
328 2973 436 3041 reduci,
452 2974 561 3031 scilicet
579 2990 680 3030 secun·

96 3046 163 3101 dum
174 3043 229 3100 trin
245 3044 317 3102 bona
328 3060 392 3125 qum
403 3060 420 3100 a
430 3046 489 3099 Deo
502 3043 679 3113 recepimus:

95 3122 128 3171 ut
151 3121 217 3172 sunt
235 3131 281 3172 res
303 3124 470 3183 exteriores,
490 3130 592 3185 corpus
616 3130 680 3184 pro-

95 3184 200 3259 prium,
221 3193 249 3243 et
272 3187 333 3259 ipsa
357 3186 472 3255 anime;
497 3202 560 3258 quae
584 3184 682 3247 omnia
736 3186 811 3242 mori
826 3184 978 3256 voluit;ite
991 3185 1111 3258 quilibet
1121 3186 1156 3245 ad
1168 3190 1248 3246 istam
1260 3203 1322 3259 pcr-

96 3262 208 3330 oportet
231 3257 356 3329 relinqui
383 3263 498 3331 propter
524 3260 629 3328 Deum,
656 3259 679 3317 si
735 3256 889 3316 lectionem
907 3259 1027 3317 tendens
1046 3259 1132 3316 debet
1151 3276 1203 3333 per
1224 3274 1321 3317 veram

95 3329 224 3386 volumus
247 3329 335 3401 ipsius
353 3329 454 3388 Clrristi
476 3345 539 3389 esse
561 3331 678 3402 perlecti
736 3328 924 3388 bumilitatem
951 3339 981 3390 et
1008 3331 1165 3414 plenarium
1192 3343 1321 3389 contem-

94 3399 263 3457 imitatores.
279 3434 304 3442 -
320 3401 464 3459 Perfectus
481 3403 556 3460 enim
576 3401 680 3460 Christi
734 3408 813 3474 ptum
827 3401 870 3459 eni
884 3405 953 3461 mori
966 3402 1219 3485 sibiipsiseipsum
1232 3418 1321 3475 usque

94 3471 682 3545 imitatorprimo,debetrelinquersmun·
736 3475 772 3531 ad
789 3472 857 3530 nihil
878 3473 1048 3546 dejiciendo,
1064 3480 1091 3530 ct
1106 3491 1232 3546 scipsum
1249 3473 1319 3531 nibil

95 3542 173 3613 dum,
196 3548 225 3601 et
247 3559 348 3601 ornnes
371 3560 417 3602 res
439 3546 630 3617 temperalee;
654 3549 682 3603 et
736 3545 904 3616 reputando,
921 3553 951 3604 ut
967 3545 1061 3603 rivere
1079 3547 1167 3616 possit
1181 3546 1233 3603 soli
1252 3549 1320 3602 Deo.

93 3616 181 3672 etiem
200 3630 264 3671 cum
280 3615 334 3673 hoe
353 3615 480 3674 omnium
501 3622 681 3676 terrenorum
737 3619 825 3673 Homo
841 3615 917 3675 enim
930 3618 966 3676 ed
1002 3618 1184 3675 aelectionem
1200 3619 1323 3675 tendens

93 3702 160 3743 occu
183 3685 309 3743 ationem
324 3691 352 3744 et
364 3686 583 3746 sollicitudinem
599 3687 681 3759 peni·
736 3688 821 3747 debet
835 3687 970 3758 seipsum,
981 3633 1038 3745 Boc
1060 3690 1195 3762 estquod
1212 3690 1324 3745 vidntur

92 3761 138 3814 tus
156 3702 242 3815 Xelret
263 3762 444 3839 postponere.
462 3760 519 3815 lloc
537 3767 634 3817 autem
650 3760 681 3817 dt
737 3760 842 3818 hebere
855 3775 872 3817 a
883 3759 986 3830 seipso,
1000 3760 1068 3818 nibil
1081 3770 1230 3831 reputare3
1248 3757 1324 3830 quod

94 3845 144 3899 per
162 3828 353 3885 voluntariam
372 3835 577 3901 paupertatem,
597 3847 682 3902 quem

94 3901 222 3959 cbristus
247 3899 385 3958 altissime
407 3901 540 3970 servarit,
585 3905 633 3960 uia
653 3902 683 3962 in
738 3904 840 3974 unibus
855 3905 1049 3960 conformatur
1066 3912 1129 3961 vltae
1144 3901 1260 3967 Christi,
1274 3898 1323 3953 de·

95 3975 155 4029 tota
181 3970 240 4028 vita
266 3988 319 4030 sue
346 3972 543 4042 pauperrimus
566 3920 628 4032 iuri.
650 4002 681 4020 ···
738 3975 785 4032 bet
805 3989 915 4031 stimme
938 3982 1081 4047 reputare,
1094 3983 1123 4030 et
1140 3988 1204 4029 cum
1214 3982 1325 4047 summa

98 4043 240 4109 Secundo,
271 4044 533 4116 debctrelinqnere
563 4061 680 4118 corpus,
737 4047 885 4117 diligentie
909 4047 1068 4112 custodire,
1094 4049 1125 4100 ut
1148 4059 1213 4097 vere
1237 4042 1324 4108 possit

91 4115 174 4242 guod
189 4113 305 4185 quidem
325 4114 495 4200 relinquitur
511 4117 602 4176 tribus
622 4132 682 4175 mo·
737 4117 831 4175 dicere
855 4132 918 4174 cum
944 4114 1079 4188 Apostolo
1101 4131 1107 4172 r
1130 4114 1197 4195 tsine
1221 4113 1323 4195 eutem,

118 4187 159 4242 is:
172 4187 436 4259 primo,percarnls
450 4188 680 4259 macerationem,
733 4189 862 4259 jamnon
882 4205 948 4258 epo:
964 4190 1035 4243 uiuit
1053 4197 1117 4238 nero
1136 4197 1167 4260 sn
1183 4195 1224 4236 me
1242 4181 1321 4239 Glire-

98 4273 149 4328 per
170 4272 257 4325 ouem
279 4274 381 4331 eorpus
399 4260 514 4334 uigiliis,
525 4259 641 4332 jejuniis
655 4264 684 4319 et
737 4267 805 4320 stus.
823 4261 902 4318 Unde
914 4259 948 4316 de
962 4257 1067 4314 talibus
1080 4249 1223 4310 mentibus
1235 4253 1325 4327 perle-

734 2903 853 2960 ceritate
864 2918 894 2958 se
907 2902 1093 2973 assurnptioni
1113 2909 1216 2957 nostrae
1227 2902 1321 2956 carinis

736 2971 893 3036 inclinarit,
908 2974 1033 3042 seipsum
1045 2970 1212 3038 exinaniuit,
1230 2977 1257 3026 et
1273 2986 1322 3039 per

736 3056 913 3112 consequens
928 3042 1047 3099 claritati
1059 3040 1163 3099 divinas
1174 3057 1229 3113 que
1245 3039 1321 3099 Patri

736 3111 986 3171 consubstantialis
997 3112 1100 3183 existit,
1111 3113 1320 3186 quodammodo

737 3839 833 3889 eutem
853 3830 938 3889 babet
957 3847 975 3888 a
994 3834 1062 3901 Deo,
1080 3840 1150 3914 puta
1168 3832 1243 3887 duna
1263 3826 1323 3895 Dei,
