2820 4928
510 317 665 371 SECUNDA
692 318 809 372 Pluris
837 315 941 369 dludi
968 314 1015 366 ltu

704 493 834 552 ORATIO

180 665 299 722 Domine
310 667 378 722 lesu
392 663 514 734 Christe,
529 678 639 721 summe
661 663 878 736 paterfamilias,
893 666 925 719 tu
940 674 985 718 me
1001 663 1097 735 primo
1116 682 1209 727 mane
1226 669 1260 728 in
1279 674 1371 729 vineam

144 743 224 795 tuam
238 737 406 807 conduxisti,
422 740 489 794 dum
504 752 548 793 me
564 753 581 793 a
589 738 739 809 juveutute
754 752 817 793 mea
831 736 867 793 ad
888 736 973 817 tidem
988 745 1017 791 et
1031 742 1115 795 tuum
1131 742 1288 800 servitium
1303 745 1373 801 mise·

143 808 294 866 ricorditer
309 808 425 877 vocasti,
441 809 519 866 etad
533 810 721 867 laborandum
737 824 787 880 pro
803 809 921 865 denario
937 813 1002 889 ritae
1018 816 1140 869 aeternae
1156 830 1276 872 mecum
1290 832 1374 873 conce

142 880 207 938 nisti
220 899 227 950 3
244 880 294 938 sed
307 896 372 952 ego,
385 880 482 953 miser,
498 886 558 937 tota
573 881 619 938 die
632 879 698 937 vitae
720 896 791 938 meae
807 883 915 936 otiosus
928 884 1005 947 steti,
1018 886 1047 936 et
1063 885 1255 959 negligenter
1269 888 1373 945 virendo

142 952 268 1010 debitum
283 968 378 1010 meum
390 968 448 1010 non
461 954 525 1009 ieci.
542 954 672 1024 Domine,
687 955 756 1036 quia
771 954 862 1010 bonus
877 966 908 1008 es
923 958 951 1006 et
965 951 1145 1034 misericors,
1163 959 1211 1016 iac
1226 963 1372 1018 mesalum

140 1022 171 1081 in
186 1024 336 1082 undecima
350 1027 421 1083 bora
435 1024 613 1098 resipiscere,
629 1029 658 1082 et
674 1025 777 1098 dignos
791 1024 901 1107 fructus
923 1025 1103 1096 poemteutiae
1119 1028 1236 1101 iacere,
1262 1039 1295 1090 ut
1313 1032 1373 1106 apud

140 1101 170 1154 te
184 1099 344 1156 mercedem
362 1097 652 1172 quantulamcumque
671 1110 785 1155 merear
799 1097 937 1154 invenire.
951 1096 1053 1154 Amen.

655 1419 794 1494 curun
807 1420 868 1496 xv
915 1522 921 1533 Α

519 1626 563 1672 us
582 1624 722 1675 rtumeo
746 1624 996 1679 tribulatum.

631 1789 715 1848 Lucae
728 1805 790 1864 cup.
807 1791 878 1848 XVl.

176 1965 729 2032 1meeusomsuic1ron‚srnsruirmci
781 1960 1020 2034 dispensatorem,
1039 1962 1086 2020 cui
1100 1965 1232 2024 tradidit
1256 1962 1371 2025 bouaud

136 2052 216 2093 rimu
229 2054 309 2092 roms
329 2050 518 2097 conurssu..-
531 2033 640 2092 Deinde
651 2035 729 2106 ponit
780 2033 1015 2104 dispensandum.
1040 2036 1132 2107 Huius
1157 2054 1233 2111 ergo
1258 2038 1370 2109 Domini,

140 2107 275 2164 Domiuus
288 2108 468 2179 parabolam,
495 2110 651 2163 secuudum
667 2121 728 2163 rem
780 2104 878 2161 idest
905 2106 1023 2176 Christi,
1040 2107 1145 2181 triplex
1175 2117 1225 2167 est
1260 2110 1370 2180 villicus,

137 2176 728 2251 gestamdevillicoiniquitatis,ditlamuto
779 2176 888 2233 scilicet
910 2200 917 2234 :
940 2176 969 2233 in
990 2179 1204 2251 spiritualibus,
1222 2184 1368 2256 praelatum

137 2252 212 2320 apud
228 2254 377 2305 dominum
393 2264 475 2305 suum
491 2264 524 2304 ex
540 2247 725 2320 dissipatione
777 2248 808 2304 in
831 2250 1038 2321 temporalibus
1063 2252 1204 2335 princeps
1228 2263 1369 2323 terrenum

135 2321 279 2377 bonorum
302 2335 432 2388 suorum3
450 2320 518 2393 quia
539 2335 572 2376 ea
588 2320 727 2376 inutiliter
778 2319 806 2376 in
822 2319 960 2402 utrisque,
976 2322 1369 2394 quilibett'bristianns.0ui·

136 2391 165 2448 in
177 2390 283 2447 inicius
293 2399 507 2462 consumpserat
522 2396 549 2447 et
560 2392 725 2463 superlluis,
777 2391 846 2448 libet
864 2409 939 2449 eruum
957 2396 1042 2450 bomo
1058 2402 1100 2450 est
1121 2396 1242 2456 villicus
1256 2398 1317 2468 Dei,
1331 2394 1369 2455 eui

134 2480 193 2520 uun
206 2462 310 2520 timens
320 2462 617 2520 ollemlcredominum
629 2480 724 2521 suum.
777 2463 879 2535 triplex
894 2464 961 2521 cille
977 2466 1131 2523 commissa
1147 2474 1193 2525 est
1210 2474 1367 2543 gubernan-

135 2536 203 2604 Qum
219 2536 366 2608 parabola,
383 2533 456 2591 sicut
464 2543 492 2592 et
502 2534 650 2606 praedicta,
663 2553 726 2608 spe·
777 2534 823 2604 ds,
838 2535 885 2606 qui
907 2537 1016 2594 tructus
1034 2538 1194 2610 cujuslibet
1211 2543 1291 2600 villae
1304 2558 1367 2616 pru·

135 2607 245 2664 cialiter
258 2608 418 2679 pertinebat
428 2608 464 2663 ad
474 2608 644 2679 discipulum
656 2607 725 2735 Ἱυία
776 2606 877 2662 denter
892 2609 977 2665 debet
990 2609 1171 2680 dispensare.
1198 2615 1300 2673 Prima
1312 2612 1368 2669 villa

135 2680 260 2736 oiilcium
285 2676 474 2749 villicationis,
506 2684 534 2736 et
566 2679 724 2750 pericuum
775 2682 819 2734 est
846 2680 971 2737 mundus
995 2681 1059 2749 iste,
1078 2684 1161 2755 cujus
1185 2686 1367 2744 tructussuut

135 2750 288 2808 reddeudae
311 2748 432 2807 rationis
460 2749 581 2807 maxime
601 2750 725 2821 pertinet
774 2750 851 2807 bona
867 2753 1045 2824 temporalia,
1062 2768 1129 2836 quae
1140 2756 1272 2839 quilibet
1287 2762 1366 2815 custo·

134 2824 171 2881 ad
187 2825 328 2895 praelatos.
341 2824 390 2879 Est
401 2821 477 2880 euim
488 2822 598 2879 villicus
611 2822 724 2894 proprie
774 2821 837 2878 dire
853 2822 949 2893 debet,
965 2840 1000 2881 ne
1017 2830 1084 2881 mail
1099 2833 1234 2899 rapiant,
1251 2836 1281 2887 et
1292 2836 1322 2887 ut
1333 2826 1365 2885 si·

134 2897 310 2970 gubernator
333 2900 361 2952 et
381 2901 475 2952 custos
494 2895 583 2963 villae3
612 2895 723 2951 sedhic
772 2893 801 2951 bi
818 2893 972 2952 commissa
984 2897 1074 2953 servis
1089 2898 1207 2957 Domini
1220 2904 1266 2958 sui
1279 2898 1366 2959 distri·

133 2968 270 3041 accipitur
285 2980 335 3039 pro
360 2982 519 3037 oeconomo,
535 2965 564 3022 id
580 2971 621 3023 est
635 2982 723 3023 cura·
772 2966 851 3047 buat.
871 2970 1001 3024 Secunda
1018 2969 1085 3025 villa
1105 2976 1149 3026 est
1176 2988 1288 3047 corpus
1303 2988 1365 3045 pro-

132 3045 195 3097 tere
211 3046 238 3097 ct
255 3038 463 3111 dispensatore,
480 3038 646 3111 quiscilicet
661 3040 722 3094 uini·
774 3053 876 3108 prium,
898 3039 975 3109 quod
1000 3046 1043 3097 est
1071 3041 1310 3113 custodiendum,
1334 3056 1364 3099 us

132 3113 440 3168 versatusubstnutiam
453 3110 719 3183 domusdispeusat.
772 3110 885 3179 quando
899 3110 1079 3182 ingrediatur
1095 3130 1175 3171 mors
1192 3120 1233 3173 ad
1247 3117 1362 3174 animam

134 3183 720 3254 OEcouomnsenimtampecuciiae‚qua1n
770 3195 822 3263 per
855 3188 952 3251 portas
983 3200 1142 3268 sensuum3
1173 3186 1255 3245 bona
1284 3188 1360 3247 etia!

132 3254 246 3325 frugum
257 3257 286 3310 et
297 3252 433 3323 omnium,
444 3269 507 3325 quos
519 3254 720 3326 dominuspes·
770 3252 858 3381 Hosius
873 3254 1013 3327 corporis,
1030 3261 1059 3313 ut
1074 3264 1188 3314 sanitas
1205 3268 1236 3316 et
1251 3259 1360 3316 tortitu-

132 3323 208 3381 sidet
221 3325 447 3396 dispensatorem
463 3326 604 3396 designat.
622 3325 673 3382 llic
688 3326 721 3383 ti·
790 3340 817 3393 0,
834 3331 906 3395 ete,
927 3329 963 3383 ad
979 3330 1029 3384 llei
1052 3328 1205 3387 servitium
1224 3336 1253 3388 et
1271 3332 1359 3389 bono-

132 3411 213 3453 mens
239 3392 365 3452 amoveri
383 3395 419 3452 ab
447 3394 552 3465 obicio,
569 3402 598 3453 et
622 3414 637 3454 e
658 3414 717 3463 ore,
769 3412 831 3452 rem
857 3402 924 3454 suut
953 3397 1158 3469 dispensanda.
1174 3402 1277 3460 Tertia
1301 3399 1358 3459 rillt

132 3466 206 3523 clam
219 3465 285 3523 iecit
299 3465 526 3524 misericordiam
547 3483 613 3524 cum
630 3414 717 3525 ‹fisbi-
768 3474 813 3524 est
826 3471 934 3539 anima,
950 3485 1015 3541 quae
1030 3487 1048 3528 a
1061 3473 1157 3545 pravis
1172 3470 1356 3547 cogitationi·

130 3538 241 3596 toribus
253 3537 362 3595 domini
376 3536 431 3607 sui,
446 3542 477 3595 ut
491 3554 555 3596 cum
570 3554 717 3597 amovere·
768 3540 820 3597 bus
847 3549 891 3597 est
918 3541 1116 3612 custodienda,
1145 3546 1229 3617 cujus
1263 3556 1356 3603 omues

129 3613 187 3682 tur,
204 3608 365 3683 reciperent
387 3625 452 3667 eum
476 3608 506 3667 in
520 3612 621 3668 domos
636 3627 715 3685 suas,
768 3610 886 3670 virtutes
899 3613 1006 3670 debent
1021 3615 1156 3673 distribui
1172 3620 1212 3673 ad
1223 3620 1355 3701 cognitio·

129 3697 272 3739 memores
286 3680 330 3738 sui
345 3680 488 3740 beneficii.
501 3686 537 3740 llt
551 3682 616 3740 ideo
631 3681 715 3739 dice·
766 3698 832 3740 nem
846 3691 874 3740 et
890 3685 1030 3743 honorem
1042 3692 1070 3743 et
1083 3702 1216 3745 amorem
1228 3692 1290 3748 [ter.

127 3753 225 3811 balad
240 3754 392 3825 disciputos
405 3770 486 3811 suos:
500 3756 586 3812 lloruo
599 3756 716 3827 quidem
804 3774 817 3811 n
834 3758 902 3813 Tura
916 3773 1004 3814 vanos
1020 3758 1131 3815 Cunisri
1153 3774 1294 3817 nnriossu
1309 3774 1355 3817 rr·

126 3831 185 3883 erut
201 3826 288 3891 diues,
309 3828 358 3896 qut
379 3826 496 3884 babebat
516 3830 663 3895 uillicum
687 3834 716 3884 et
765 3844 859 3882 rascas
888 3844 986 3897 uscos,
1014 3846 1046 3885 rr
1063 3848 1135 3887 seru
1154 3848 1309 3889 cessuros.
1324 3858 1354 3871 -

125 3898 200 3955 inira
221 3897 250 3955 in
271 3899 326 3953 line
347 3896 471 3970 applicat
491 3900 655 3971 parabolem
677 3898 713 3954 ad
765 3902 869 3968 little,
887 3900 995 3956 scilicet
1008 3901 1111 3974 triplex
1125 3908 1284 3973 praeliatus
1299 3900 1351 3958 vil-

124 3970 398 4044 prepositum-unni,
411 3969 518 4025 diceus:
532 3974 566 4026 lit
577 3988 624 4039 epo
637 3971 714 4025 nobas
765 3970 846 4035 licus,
861 3973 1025 4041 diffamatus
1039 3982 1079 4029 cst
1094 3978 1171 4045 opud
1186 3977 1281 4045 tillim,
1300 3972 1351 4031 sci·

124 4044 247 4106 dico,etc
266 4041 711 4112 Siiirilitcreuimlaomoquidaur,
764 4041 830 4097 licet
863 4045 961 4104 Deuca.
991 4046 1058 4116 quia
1088 4046 1158 4102 uilid
1179 4046 1251 4104 lutet
1276 4060 1349 4113 eum,

125 4113 155 4170 id
174 4123 216 4171 ost
232 4116 292 4187 ipsc
308 4118 382 4172 Deus
399 4128 449 4184 pro
470 4113 552 4169 nobis
568 4115 712 4169 liuineua-
764 4117 848 4184 quest
875 4114 1039 4187 dissipasset
1064 4118 1134 4173 bonu
1161 4121 1263 4189 ipsius,
1281 4118 1349 4175 uralu

125 4191 180 4256 tus,
196 4187 286 4256 dives,
308 4187 376 4258 quia
399 4188 490 4256 ptorio
515 4192 540 4241 et
559 4184 666 4241 divitie
683 4189 712 4241 tn
764 4185 806 4241 eis
826 4188 942 4256 utecido,
969 4188 1077 4245 scilicet
1107 4206 1152 4246 ros
1184 4190 1350 4261 temporales

125 4258 203 4315 domo
218 4260 289 4330 ejus,
307 4259 431 4317 habebat
452 4256 590 4328 uillicum,
609 4255 638 4314 id
669 4262 713 4314 est
763 4256 794 4313 iu
813 4256 920 4315 illicitis
939 4266 968 4316 et
991 4261 1144 4333 superfluis
1158 4262 1350 4335 expendendo,
