2820 4928
366 303 408 358 DE
435 302 590 365 iustitis
618 304 682 359 nult
709 302 1017 360 tullultlzlnms.
1291 309 1323 363 iu

127 406 359 476 tCorsisuminii
367 432 399 472 ci
408 432 483 473 sirici
496 431 590 474 sciuri
601 430 682 471 iosi-

96 496 225 562 iiinsijoi.
259 513 296 527 -
319 486 353 543 Et
376 487 472 547 subdit
490 489 626 546 Dominus
646 485 682 541 do

95 566 159 623 ipso
180 569 248 623 igno
275 557 407 627 predicto
426 578 433 616 ι
455 562 508 618 liti·
527 561 636 623 oemio.
652 555 682 615 id

94 628 139 704 est
158 640 303 685 remorsus
320 634 349 689 ct
362 631 518 691 cauterium
533 629 681 689 conscicn-

94 698 143 752 uae
156 712 259 768 corum,
275 707 461 763 memoritur
475 720 528 761 nac
544 701 681 776 quiescit.

95 780 220 827 moeroie
234 772 339 833 rodens
351 780 380 834 et
394 776 532 836 mordens
541 776 681 842 animam,

97 840 171 921 quod
185 857 243 901 non
263 844 301 904 slt
319 853 438 920 operata
450 848 578 916 bouum;
593 861 682 905 unus·

91 915 297 984 quisqueciiim
309 919 446 994 suiipsius
458 924 606 979 accusator
619 919 681 1001 liet,

93 997 292 1063 rememorans
305 1007 371 1063 quae
383 992 414 1051 in
433 992 493 1053 sits
512 990 611 1065 gessit.
628 989 682 1049 Ubi

89 1061 129 1113 cit
143 1056 325 1140 Ammonius:
341 1086 356 1115 a
367 1065 436 1132 Quo
449 1080 537 1136 poena
556 1061 682 1146 gravior,

92 1140 181 1196 quam
199 1131 320 1191 interius
348 1136 450 1194 vulnus
478 1132 684 1194 conscientie?

90 1199 193 1256 Nonne
223 1203 278 1259 lioc
305 1206 398 1277 magis
428 1206 596 1278 fugiendum
628 1209 683 1274 est,

92 1284 180 1351 quam
190 1287 280 1342 mors,
291 1290 377 1345 uuam
389 1277 582 1350 dispendium,
598 1291 683 1347 quam

94 1341 248 1421 cisilium?
264 1366 279 1396 n
295 1349 332 1403 Et
347 1352 421 1416 mnis
446 1351 585 1422 gehennae
600 1353 682 1405 exte-

94 1427 155 1468 rius
170 1428 273 1486 corpus
294 1434 392 1489 urens,
412 1437 467 1477 non
482 1423 681 1491 exstirpantur,

91 1498 145 1539 nec
164 1484 278 1544 delicit:
294 1498 334 1545 est
345 1495 419 1548 enini
431 1492 505 1563 ignis
518 1491 679 1557 atllirtivus,

87 1555 141 1635 secl·
153 1570 212 1613 non
231 1566 445 1634 consumptivos
460 1580 468 1632 ς
491 1571 519 1621 et
537 1563 602 1620 iileo
617 1579 678 1620 nia-

88 1630 243 1700 tenacius
275 1647 389 1706 sempor
406 1635 533 1704 durabit,
554 1652 604 1693 nec
626 1636 677 1692 lia·

86 1697 322 1779 belcontrarinm
341 1721 359 1761 a
375 1721 430 1778 quo
450 1707 595 1779 corrumpi
614 1722 678 1778 pos·

88 1774 135 1827 sit.
153 1772 232 1853 Unde
246 1776 287 1830 ait
304 1777 380 1835 uecta
398 1797 407 1836 i
435 1804 448 1828 ι
478 1780 557 1838 Sicut
580 1784 677 1837 autem

87 1857 204 1926 verinis
216 1851 260 1903 est
278 1847 361 1905 dolor
387 1849 510 1909 interius
526 1867 676 1920 accusans,

90 1928 132 1969 sic
146 1931 222 1983 ipnis
245 1934 330 1990 poena
349 1921 525 1981 extrinsecus
543 1923 674 1980 saeviens.

92 1985 127 2043 Et
144 1992 187 2045 est
204 2004 304 2072 sensus
322 1993 537 2065 praemissomm
553 1995 583 2052 in
598 2010 674 2052 sum·

90 2072 138 2139 ma
153 2077 161 2114 ε
178 2060 304 2120 Societas
316 2065 484 2135 amicorum,
494 2068 538 2124 vel
548 2082 677 2125 necessa·

88 2137 677 2211 morumquantumcumquevideaturuti·

87 2199 124 2257 lis
144 2218 215 2261 esse.
234 2211 330 2265 tamen
350 2210 567 2282 praescindendi
579 2216 631 2280 est,
648 2214 678 2267 et

86 2275 273 2346 removenda,
289 2279 313 2336 si
325 2279 363 2337 sit
377 2283 489 2340 occasio
504 2283 598 2341 ruinsi
617 2281 677 2339 ani-

86 2359 142 2403 mae
155 2349 221 2428 tusi.
234 2350 338 2432 ¹illelius
352 2359 395 2410 est
408 2353 485 2413 enim
505 2354 568 2412 sine
584 2355 677 2427 liuius

87 2417 164 2474 modi
181 2435 284 2500 'amicis
306 2424 351 2480 vel
376 2426 545 2484 necessariis
566 2442 629 2484 esse
646 2425 676 2483 in

86 2490 232 2559 paradiso,
244 2508 328 2576 quain
343 2497 448 2555 habeis
463 2499 547 2567 tales,
559 2505 587 2555 et
601 2501 677 2570 post

86 2561 204 2621 modum
218 2580 280 2622 csse
294 2582 324 2623 in
340 2568 458 2627 interno.
474 2570 586 2628 Etenim
604 2568 674 2627 nihil

86 2637 142 2701 est,
162 2636 355 2720 quodtcontra
370 2642 489 2699 salutem
508 2642 613 2701 animae
628 2644 675 2698 ‹le-

85 2703 355 2790 beamus'diligere.
374 2714 452 2771 Unda
476 2716 673 2774 Cuimodoruc:

88 2797 104 2829 n
125 2779 240 2858 lustitia
264 2798 321 2839 nou
345 2789 465 2856 patrem,
480 2804 537 2844 non
552 2793 674 2844 matrem

86 2855 179 2918 norit,
198 2868 347 2921 personam
371 2872 428 2914 non
453 2859 568 2931 accipit,
583 2858 674 2915 solum

87 2921 177 2978 Deum
195 2925 355 2983 considerat
370 2935 398 2984 et
410 2931 539 2987 attendit.
560 2950 574 2982 s
591 2932 676 2985 llum-

86 3006 124 3063 pe
139 3008 208 3064 ergo
222 3012 336 3054 omnem
355 3001 492 3056 allectum
519 3001 675 3066 carnalem,

89 3068 118 3119 et
131 3079 231 3134 separa
245 3084 311 3126 euni
330 3077 402 3139 ate,
423 3071 447 3126 si
463 3071 556 3142 major
577 3076 604 3125 et
626 3084 676 3140 po·

89 3134 198 3194 lentior
210 3154 259 3208 es;
282 3141 306 3197 si
326 3142 420 3199 minor
438 3160 480 3207 es,
491 3157 624 3270 separare
641 3141 677 3197 ab

89 3221 135 3288 eo,
152 3214 179 3265 et
194 3209 222 3266 in
240 3219 378 3294 quantum
409 3221 500 3286 potes,
538 3212 614 3270 evita
629 3229 675 3270 so·

87 3285 218 3337 cielalem
229 3299 291 3355 epus
304 3302 387 3356 quem
403 3286 544 3358 castigare
557 3290 673 3358 nequis,

86 3351 159 3433 nihil
172 3353 246 3411 enim
259 3363 317 3412 tam
331 3357 459 3415 nocivum
475 3365 504 3416 ut
517 3357 677 3431 perniciosa

86 3432 218 3482 societas.
227 3429 261 3483 lit
271 3427 334 3485 idco
349 3429 574 3488 inemendabiles
586 3446 675 3502 quan-

86 3496 218 3554 tumlibet
233 3499 316 3555 amici
333 3501 414 3558 nobis
428 3502 533 3559 vitandi
543 3508 623 3570 sunt;
641 3518 676 3558 ne

86 3566 111 3622 si
135 3584 201 3625 cum
220 3570 339 3642 perditis
358 3572 387 3628 in
406 3575 459 3630 linc
483 3574 540 3631 vitii
566 3579 675 3646 partem

86 3638 194 3722 liobam
208 3641 349 3712 volumus,
360 3645 444 3701 simul
458 3645 486 3701 in
501 3646 596 3703 lutura
611 3661 675 3703 cum

86 3710 145 3767 illis
168 3727 329 3839 pereamus.
357 3717 436 3774 Unde
459 3720 641 3787 Hieronymus
666 3733 674 3772 ι

89 3800 104 3837 c
124 3784 169 3839 lle
183 3801 225 3842 ius
238 3791 282 3842 est
296 3792 327 3844 ut
357 3787 550 3859 ropinquitate
563 3794 677 3845 elemo-

87 3854 223 3913 lumentis
251 3804 415 3915 carnaiilius
441 3875 550 3929 careas,
578 3876 674 3932 quam,

87 3926 155 3983 dum
170 3928 213 3985 vis
231 3934 294 3986 tuos
313 3931 475 3988 lucrillrare
493 3939 631 4002 cognatos
647 3937 677 3988 et

87 4003 276 4070 necessarios,
291 4019 390 4059 causas
400 4005 506 4061 halieas
516 4003 673 4061 ruinarum.

87 4073 187 4142 ltaque
207 4090 264 4130 non
295 4075 394 4145 liutei,
421 4093 480 4133 non
510 4093 591 4145 uxor,
618 4092 675 4132 non

86 4142 155 4213 tilii,
173 4161 230 4203 non
251 4147 346 4215 amici,
364 4164 421 4204 non
445 4148 540 4205 omnis
559 4149 678 4205 allectus

87 4215 136 4286 qui
154 4233 206 4273 nos
219 4219 368 4276 excludere
377 4227 470 4293 potest
490 4236 605 4292 arogno
622 4237 676 4276 coe·

86 4287 193 4360 lorum,
222 4290 315 4349 amori
344 4293 457 4351 Domini
481 4299 675 4367 preponatur.

738 411 820 468 Novit
838 412 1034 485 unusquisqne
1059 413 1239 473 credentium
1254 414 1323 487 quid

737 481 791 541 siti
815 489 927 555 noceat,
948 485 991 543 vel
1010 485 1041 543 in
1069 502 1126 556 quo
1156 486 1325 545 sollicitetur

738 555 850 614 animus
864 572 897 613 ac
918 573 993 628 sepo
1006 562 1153 626 temetum
1171 558 1328 619 meliusast

738 628 825 710 vitam
849 628 1007 689 solitariam
1035 631 1149 697 cuceio,
1174 646 1260 703 quam
1289 632 1327 691 oli

737 704 802 757 vitai
827 703 977 772 proselitis
1000 702 1162 761 necessaria
1185 707 1325 763 aelernam

736 771 823 829 vitam
838 772 973 845 poidem3
990 772 1092 833 melius
1107 775 1252 834 ostiolum
1268 775 1325 834 sal·

736 844 995 917 inmitationem
1018 847 1112 918 perire
1135 862 1201 906 cuin
1226 846 1323 920 pluri·

735 915 813 975 lius:
840 917 940 976 »heo
967 919 1160 989 lismonam.
1188 921 1222 977 Et
1242 923 1322 991 nou,

736 987 894 1047 secundum
915 990 1116 1061 immissam,
1136 991 1322 1064 quodetiam

736 1059 793 1117 hoo
815 1059 876 1132 ipio
891 1068 1069 1145 separantur,
1087 1062 1219 1135 aquibus
1233 1079 1322 1148 seps·

737 1135 849 1201 rantur,
858 1134 974 1203 quando
983 1150 1025 1193 eis
1035 1134 1109 1194 mala
1122 1135 1321 1207 suadentibus,

739 1201 795 1258 lioc
806 1208 850 1261 cst
859 1204 1126 1275 scandalizantibus,
1137 1224 1194 1264 non
1206 1223 1323 1264 consen·

740 1274 820 1330 titur.
842 1275 898 1333 Sed
921 1280 1070 1348 queritur,
1087 1278 1155 1348 quid
1172 1278 1323 1335 dimitten-

740 1345 809 1403 dum
824 1352 868 1403 est
880 1363 932 1418 pio
946 1349 1102 1405 scandalo?
1117 1351 1149 1405 Et
1161 1349 1323 1419 dicendum,

739 1418 814 1489 quod
829 1417 900 1475 illud
913 1420 951 1476 de
966 1436 1023 1492 quo
1037 1421 1173 1493 queritur
1190 1439 1197 1477 ε
1212 1428 1260 1478 aut
1282 1427 1326 1479 est

738 1489 844 1547 malum
860 1490 889 1547 iu
904 1507 947 1560 se,
968 1508 1027 1549 sive
1044 1493 1174 1561 mortale,
1191 1493 1251 1549 sive
1271 1510 1324 1550 ve-

736 1560 823 1631 niale,
854 1566 883 1618 ot
908 1563 943 1619 de
971 1563 1020 1621 tali
1048 1581 1105 1622 non
1131 1570 1175 1621 cst
1205 1564 1323 1622 dubium

735 1632 804 1705 quin
820 1632 924 1692 dimitti
941 1635 1041 1703 debet;
1065 1640 1115 1692 aut
1138 1642 1181 1693 est
1202 1635 1322 1694 inditio-

735 1720 811 1773 rens,
831 1711 858 1763 et
873 1707 927 1764 lioc
948 1707 1081 1765 simililer
1095 1709 1181 1766 debet
1195 1708 1320 1781 dimitti;

734 1782 783 1835 aut
797 1782 841 1835 est
860 1778 978 1862 bonum,
995 1784 1023 1837 et
1050 1784 1118 1837 tunc
1137 1787 1187 1838 aut
1203 1787 1247 1838 est
1264 1783 1322 1837 bo-

733 1852 1320 2005 ltuliliati:ittlttltlnttltt:

734 1996 796 2050 cato
812 1993 941 2063 alterius,
965 1995 1062 2052 nullus
1081 1995 1166 2052 debet
1190 2011 1319 2067 peccare,

734 2070 783 2121 sut
802 2065 908 2147 bonum
929 2065 1245 2148 supererogationem
1267 2068 1321 2124 hoc

733 2137 1320 2292 tlttltttlfllltllttlttlt,tta

733 2281 885 2351 aliquando
909 2281 946 2338 ad
973 2286 1086 2353 tempus
1112 2282 1197 2339 debet
1222 2286 1320 2365 inter·

733 2352 855 2420 mittere,
872 2353 941 2425 quia
952 2359 997 2410 est
1013 2355 1048 2411 da
1064 2354 1131 2411 vitei
1145 2354 1321 2427 pellectione

732 2430 759 2482 el
771 2425 901 2490 veritate,
918 2424 971 2483 etsi
993 2426 1102 2483 nonde
1134 2425 1320 2496 necessitate;

732 2496 795 2554 ideo
806 2496 1118 2568 veritasiitoe‚J'ustitiae
1128 2504 1158 2554 et
1172 2496 1321 2568 doctrinae,

731 2584 790 2624 non
803 2568 969 2641 simpliciter
987 2573 1032 2626 est
1046 2575 1166 2642 propter
1184 2569 1321 2628 mandam

730 2639 1179 2713 dimittends3uudeestiersus:

729 2788 860 2855 iustitie,
878 2786 953 2854 otta,
970 2784 1102 2842 doctrine
1123 2783 1321 2926 maffeii*

731 2931 771 2985 Dc
781 2928 837 2982 hoc
848 2924 915 2980 vide
926 2924 1011 2995 plura
1023 2925 1084 2995 jam
1099 2925 1187 2996 dicta,
1197 2923 1229 2980 in
1242 2924 1319 2994 capi·

733 2998 793 3054 tulo
815 2993 998 3066 procedenti.

770 3068 980 3122 sllouiuiriiis
1004 3081 1202 3122 sicsincmin.
1224 3094 1259 3109 -
1286 3065 1321 3121 st

734 3138 902 3201 notandum.
924 3137 999 3208 quod
1026 3139 1131 3193 multas
1152 3135 1320 3194 humilitatis

734 3209 914 3270 excellentius
929 3209 1053 3282 legimus
1064 3209 1092 3266 in
1108 3211 1244 3268 hocloco.
1262 3211 1320 3268 lla-

732 3286 781 3343 liet
806 3282 882 3340 enim
909 3282 1054 3340 humilitas
1086 3282 1281 3341 excellentiam
1309 3300 1317 3339 ε

732 3357 835 3430 primo,
859 3355 886 3411 in
907 3357 1076 3413 Sanctorum
1094 3356 1226 3428 collegio,
1252 3355 1320 3427 quia

732 3435 775 3487 est
799 3427 943 3500 exemplar
962 3429 1057 3502 populi
1078 3429 1178 3497 sancti,
1206 3428 1282 3484 unde
1309 3441 1317 3485 t

731 3504 879 3559 Advocatio
888 3503 966 3556 leeris
974 3504 1242 3573 paruulum,ctatui't
1257 3513 1319 3580 eum

733 3577 762 3629 in
776 3574 866 3630 medio
881 3589 992 3639 corumi
1012 3574 1148 3641 secundo,
1168 3573 1197 3628 in
1211 3572 1318 3638 ollii-io,

752 3645 799 3702 uia
819 3650 863 3702 est
876 3643 994 3701 ostiaria
1013 3643 1149 3717 paradisi,
1171 3642 1247 3700 unde
1261 3665 1267 3698 :
1283 3643 1320 3725 lit

732 3662 827 3773 graii:
843 3719 907 3774 Nisi
919 3720 1040 3773 conuersi
1053 3718 1177 3786 fueritis,
1184 3716 1321 3797 ctcfltcio·

732 3792 802 3844 mini
826 3791 898 3844 sicut
911 3789 1035 3860 paruuli,
1048 3805 1103 3844 non
1127 3786 1319 3863 introbttiian

731 3877 845 3928 repnum
859 3861 1003 3926 celorum
1024 3860 1120 3926 tertio,
1142 3857 1317 3938 inpraemio,

754 3931 800 3989 uia
817 3937 859 3988 est
875 3931 910 3989 de
926 3931 1084 4004 majoribus
1104 3944 1194 3999 rigni,
1212 3926 1288 4010 uncle
1309 3938 1317 3978 ι

733 3948 901 4077 arctoumque
917 4020 979 4074 erpo
1002 4001 1233 4082 humiliatorium
1246 3998 1319 4050 mcut

731 4079 867 4149 porcacius
885 4080 948 4144 iste,
969 4077 1013 4131 llio
1026 4074 1117 4143 major
1133 4074 1172 4124 est
1190 4084 1219 4121 aa
1234 4079 1318 4133 reprio

734 4151 876 4217 culorum,
893 4153 1006 4220 quarto,
1024 4141 1254 4223 inprimatuseu
1270 4135 1318 4192 la·

734 4221 829 4293 stigio,
844 4220 909 4291 quia
924 4222 967 4274 ost
980 4215 1084 4270 vicaria
1094 4212 1209 4277 Christi,
1219 4207 1317 4265 unde:

733 4296 770 4351 Et
784 4295 834 4365 qui
847 4289 997 4361 susceperit
1014 4299 1099 4340 imum
1111 4283 1260 4354 paruulum
1274 4287 1321 4338 to·
