2820 4928
130 282 178 336 204
468 283 624 338 sedition
652 285 771 339 eteris
798 283 902 338 cetur
929 279 1028 335 XXXI

130 389 285 449 actionum.
302 391 367 445 llaec
394 394 488 445 autem
506 390 668 447 maledictio
684 392 715 447 h-

769 389 887 448 audieus
913 387 1106 445 devotionern
1129 384 1295 450 Gentilium,
1312 386 1351 455 qui

133 480 182 519 cus
204 461 323 517 iuniime
351 460 379 515 in
406 459 487 514 uoltis
506 461 630 517 timentia
661 470 714 531 cst,
766 465 827 536 jam
852 466 934 518 eraut
962 457 1101 531 dispositi
1125 457 1165 513 ad
1191 456 1355 523 credendum,

132 550 198 606 quia
214 533 291 595 lolia,
309 532 337 586 id
364 538 406 586 est
429 532 524 600 recha,
556 550 611 588 nou
631 541 715 590 verti·
771 534 925 601 vidensque
952 547 1002 586 eos
1032 544 1200 600 properare
1222 528 1258 583 ad
1277 528 1355 592 iiten,

131 621 195 662 tuus
212 604 240 659 iu
259 620 356 674 opera.
374 607 436 658 lum
464 607 536 659 enim
561 610 665 662 secutis
679 607 717 662 ud

132 677 254 732 radicem
270 680 363 745 posito
378 681 427 730 cst.

169 768 183 802 o
198 750 363 803 Desinemus
379 749 530 804 Gusrvutuu
543 766 652 805 vmesnv
668 753 716 806 Je-

134 836 194 874 suit.
210 850 243 858 —
264 821 296 874 Et
311 819 455 888 ingressus
468 823 551 876 listis
569 821 599 876 in
615 821 715 877 civita·

132 895 201 955 tem,
222 890 297 945 venit
321 889 349 944 in
383 892 530 959 tumulum,
562 894 717 948 secuudum

134 977 213 1017 suam
225 963 469 1028 consuetudinem,
487 962 535 1034 qui
556 981 667 1034 semper
682 968 719 1020 lo

134 1050 197 1088 cnm
210 1032 256 1088 hei
270 1033 383 1089 risiare
396 1043 590 1102 cousueierat,
602 1045 630 1089 et
643 1035 717 1091 Petri

135 1104 267 1160 exhihere
283 1107 429 1160 honorem.
447 1110 535 1161 Erunt
550 1114 640 1161 utitem
659 1110 719 1177 iiiii-

133 1177 152 1231 d
174 1194 200 1231 iit
217 1178 347 1243 Gentiles,
365 1194 398 1231 en
418 1180 461 1231 his
478 1182 527 1248 qut
540 1179 719 1233 rescinderent

135 1247 163 1303 iu
173 1248 338 1315 Jerusalem,
346 1255 375 1304 iit
386 1249 571 1305 iidornreiiti'n
583 1251 716 1317 detesto:

135 1319 352 1390 quiatemviluui
369 1337 420 1390 prii
445 1323 486 1376 sui
516 1321 665 1377 sanctitate.
692 1325 718 1376 iu

135 1392 324 1446 reverentiae
339 1391 494 1447 Gentilibus
507 1392 532 1446 in
548 1392 720 1449 circuitulu·

134 1463 261 1517 daeoruin
276 1472 348 1528 erat,
372 1465 475 1532 eteius
503 1464 647 1519 lauto-iliis
663 1480 719 1519 non

135 1537 245 1588 tautum
259 1532 373 1588 Latinos
389 1540 416 1588 et
430 1535 554 1602 ludaeos,
568 1537 617 1590 sed
633 1535 718 1590 etiim

136 1603 262 1659 Gentiles
283 1606 423 1669 trehiliat,
456 1612 487 1659 ut
517 1608 551 1660 ile
583 1607 718 1662 Eunucho

135 1675 273 1730 caudacis
289 1673 394 1730 resitue
412 1678 511 1743 patuit.
528 1680 564 1730 ili
581 1693 654 1745 erqo,
671 1677 718 1747 qui

137 1744 240 1800 Christi
259 1744 392 1801 miraculi
402 1745 560 1814 audierant,
577 1747 639 1803 ideo
654 1765 719 1804 eum

135 1816 242 1884 videre,
259 1825 286 1870 et
307 1817 367 1886 ejus
382 1817 541 1873 doctrinam
558 1820 656 1875 audire
674 1837 719 1874 vo·

136 1889 231 1943 lehout
245 1907 252 1956 ·,
264 1895 289 1942 ct
301 1896 470 1944 iiceesseriint
486 1892 522 1943 iit
548 1893 718 1972 Philippum,

136 1965 254 2031 quierat
268 1978 285 2015 o
300 1962 448 2015 Bethsaida
460 1961 588 2023 Galilaeae,
601 1979 666 2033 qttlt
683 1962 720 2015 vi-

139 2031 245 2088 debant
259 2049 322 2088 eum
338 2032 414 2104 pium
438 2043 465 2088 et
486 2045 674 2097 mansuetum,
692 2038 719 2087 et

135 2120 164 2159 se
182 2121 237 2158 non
262 2106 429 2173 reputabant
445 2104 557 2174 dignos,
587 2114 616 2161 ut
645 2107 720 2160 veni-

136 2181 200 2230 reut
214 2191 264 2245 per
273 2182 450 2246 semetipsos,
462 2183 487 2228 et
501 2177 635 2242 conabant
648 2193 718 2237 enni,

135 2246 254 2300 dieentes
275 2263 281 2299 :
306 2251 424 2312 homine,
442 2248 566 2299 uolumus
583 2250 672 2302 lesum
692 2254 720 2302 et

136 2318 312 2371 Salvator-em
329 2320 455 2371 omnium
481 2318 581 2372 videre.
607 2321 637 2372 Et
655 2335 720 2372 cou-

138 2392 272 2457 grueutei·
291 2386 325 2440 ad
356 2386 513 2456 Phiiipivnm
540 2394 721 2444 arcesserunt

137 2456 226 2528 prins,
241 2456 374 2527 quiaiiise
384 2457 459 2528 priu-
474 2460 636 2528 predii-avit
649 2461 720 2516 Geu-

135 2528 242 2595 tililvus,
266 2527 372 2583 scilicet
400 2528 592 2586 Semivitaiiis.
621 2533 651 2586 lu
678 2533 721 2586 his

138 2600 295 2657 Gentilibus
313 2600 548 2668 viivelignruhatur
574 2603 721 2658 conversio

137 2671 282 2739 Gentium,
296 2689 345 2742 per
359 2671 590 2741 praedicationem
604 2676 721 2745 Aposto-

137 2744 229 2798 lorum
246 2745 273 2798 iu
299 2744 425 2814 proximo
441 2752 583 2810 secutura,
604 2752 631 2799 et
646 2746 721 2815 quiid

138 2816 243 2871 Gentes
269 2815 426 2870 ministerio
454 2831 553 2871 eornm
580 2816 616 2871 ad
636 2816 722 2871 lidem

139 2903 284 2942 conversae
306 2887 471 2941 desiderent
494 2888 590 2942 lesum
617 2888 722 2957 gloriti·

139 2963 232 3013 calum
250 2958 276 3013 in
305 2958 404 3028 patrie.
428 2961 506 3012 Venit
524 2960 670 3029 Philippus·
697 2963 723 3013 et

139 3030 225 3085 dicata
241 3031 365 3095 Andreae,
389 3029 435 3100 qui
464 3030 590 3086 Andreas
615 3046 722 3099 orimus

141 3102 244 3156 Christi
263 3108 325 3156 erat
341 3101 505 3171 (immunius,
527 3102 658 3171 othingis
678 3104 723 3155 la-

139 3172 257 3227 miliaris
278 3173 395 3228 Douiino
416 3188 501 3240 uitam
523 3173 675 3244 Philippus,
697 3177 724 3227 el

139 3242 226 3297 etism
252 3244 385 3313 quoniam
418 3244 561 3314 Philippus
590 3260 638 3312 uer
661 3245 724 3298 hn-

140 3313 238 3367 dreini
261 3330 414 3369 i·.·ni··er.-·us
443 3315 544 3379 luerat,
561 3320 588 3369 et
607 3316 669 3370 ideo
688 3315 724 3369 de

141 3383 259 3438 consilio
271 3393 296 3436 et
306 3386 408 3439 auxilio
421 3384 563 3453 ejuseirca
575 3387 627 3440 hoc
638 3401 723 3455 agere

142 3456 252 3508 volebat
269 3471 275 3518 ;
294 3453 320 3509 iu
350 3471 404 3524 quo
425 3455 508 3508 datur
537 3455 618 3509 nohis
633 3473 725 3510 exirm-

139 3526 217 3606 plum
235 3525 329 3578 omitit
345 3524 464 3580 faciendi
481 3524 515 3578 de
532 3525 651 3580 cotisilio
667 3541 723 3581 ma·

136 3611 242 3665 Jorum.
259 3597 385 3649 Audiens
400 3613 509 3649 rausum
536 3602 561 3650 et
578 3599 723 3666 Philippiis

142 3667 195 3721 hoe
220 3667 353 3721 itinerarii
380 3668 463 3722 autho
490 3666 572 3721 simul
604 3667 723 3722 Domino

140 3740 213 3797 Jesii.
250 3746 392 3808 tonitrunm
413 3738 566 3808 superiori.
598 3742 722 3809 llystire,

143 3809 299 3879 Philippus,
316 3810 361 3879 qui
392 3826 421 3865 os
452 3811 590 3880 temptetis
607 3811 721 3877 dieitur,

141 3884 233 3951 signal
264 3882 434 3945 veritntem3
464 3882 592 3936 Andreas
617 3889 722 3947 autom,

139 3955 232 4007 virilis
243 3956 372 4008 uirtutem
387 3972 392 4007 :
407 3968 470 4021 qum
482 3952 537 4006 dno
551 3953 722 4007 intellectum

140 4031 168 4079 et
182 4026 314 4080 allectum
330 4023 440 4082 Ghrislo
452 4023 597 4077 adducunt
615 4023 643 4078 iu
659 4039 724 4077 oon-

139 4096 268 4151 versione
286 4096 455 4150 ninimirum.

175 4171 191 4220 5
209 4167 323 4224 Gnsvun
352 4183 487 4223 andnamt
502 4183 528 4221 m
556 4183 662 4221 reaneu
677 4184 722 4221 ee·

139 4252 206 4291 oens
228 4255 295 4294 enir
319 4239 462 4296 (lemarus.
480 4269 511 4280 -
526 4239 604 4293 tesia
631 4244 722 4293 autem

770 616 799 662 et
814 602 1018 674 intelligensin
1035 617 1079 656 eis
1094 600 1310 673 quiidammodo
1321 599 1353 654 io·
1400 630 1402 640 ·

771 678 867 734 choari
884 677 1018 731 Gentium
1035 687 1276 736 conversionem,
1296 686 1357 750 pre·
1400 684 1402 725 t

772 747 912 804 nuntiavit
925 762 983 802 suae
1008 743 1165 801 Passionis
1179 748 1292 809 temnus
1313 758 1357 798 tm·
1400 788 1402 795 .

773 820 890 886 minere,
907 824 968 888 nost
979 832 1067 888 qiiiim
1085 815 1263 871 Passionem
1278 814 1358 869 inine·
1400 818 1402 831 '

773 895 847 946 iliatc
860 891 963 946 Gentes
977 895 1060 944 erant
1077 888 1117 942 ad
1134 887 1227 943 iidem
1244 885 1359 956 ierioim

772 963 1103 1032 die,responditergoeis
1112 960 1230 1014 dicens:
1245 960 1359 1012 i'eui'tto

771 1053 814 1101 ro,
822 1041 853 1088 tit
863 1035 1030 1101 clarificetur
1039 1033 1135 1085 Filius
1147 1032 1282 1085 hortinis.
1291 1027 1358 1095 Quasi

773 1106 898 1161 diceret:
919 1102 1009 1160 ludaei
1026 1106 1135 1157 nolunt
1154 1101 1360 1169 crederemus

774 1178 894 1246 primum
918 1176 1004 1230 voluit
1018 1172 1202 1235 lucrificare,
1229 1170 1360 1243 plenitudo

773 1248 905 1304 Gentium
920 1245 1063 1301 creditura
1084 1251 1142 1311 est,
1170 1247 1245 1313 quia
1262 1245 1360 1297 veniunt

774 1320 879 1376 Gentes
898 1319 933 1374 ad
948 1316 1139 1383 credendum,
1157 1317 1269 1385 quihus
1289 1313 1360 1370 Fiiius

773 1402 817 1447 est
830 1388 1037 1446 clariliciindus.
1059 1389 1093 1442 ln
1112 1389 1257 1443 Passioue
1272 1386 1360 1456 quinne

774 1479 826 1518 sua
849 1461 898 1516 luit
916 1461 1001 1516 Filius
1021 1458 1208 1514 clarificatus
1230 1475 1282 1528 per
1295 1459 1361 1528 signa

774 1542 897 1600 ostensa,
914 1533 967 1586 luit
978 1530 1065 1586 etiam
1079 1529 1266 1585 clarificatus
1282 1528 1309 1584 in
1322 1542 1361 1582 sua

775 1602 990 1662 Resurrectione
1007 1608 1035 1657 et
1055 1603 1086 1657 iu
1104 1617 1158 1657 sua
1178 1600 1360 1661 escensione

776 1680 900 1746 itemque
909 1674 936 1729 iu
946 1675 1079 1730 Gentium
1092 1673 1300 1730 conversione.
1309 1669 1362 1741 quia

775 1747 951 1804 divinitatem
971 1745 1032 1815 ejus
1052 1747 1239 1799 comitentur
1259 1744 1361 1811 ubique.

776 1821 974 1874 Verumtamen
992 1832 1041 1883 iter
1056 1830 1229 1885 congruum
1249 1811 1361 1868 iistrvtilit

775 1891 945 1957 exeuntium,
975 1886 1053 1958 quod
1080 1901 1163 1941 mors
1186 1886 1249 1972 eius
1270 1885 1359 1965 debeat
1400 1880 1402 1895 '

775 1962 932 2032 piveveuive
956 1957 1179 2014 conversionem
1202 1957 1358 2020 Gentilium,

775 2033 892 2087 dions:
908 2033 970 2089 Nisi
982 2047 1101 2098 uranum
1114 2030 1261 2094 frumenti
1273 2028 1358 2081 euticus

774 2108 804 2158 ivi
817 2110 930 2163 terrum.
945 2108 1082 2156 mortuum
1094 2103 1200 2167 scierit,
1220 2103 1310 2170 ipsum
1323 2113 1358 2150 so·

775 2177 830 2230 tum
855 2178 967 2235 munet:
984 2171 1051 2243 quia
1081 2187 1140 2225 non
1170 2171 1239 2225 lucit
1265 2176 1359 2224 tructus

775 2244 1047 2309 multititieationem,
1066 2241 1118 2296 nisi
1139 2258 1194 2313 per
1213 2243 1258 2296 sui
1273 2255 1358 2296 corru-

775 2317 909 2387 ptionem.
928 2322 965 2370 he
980 2315 1002 2369 si
1023 2313 1123 2369 dicat:
1147 2313 1208 2368 Nisi
1228 2328 1298 2382 ergo
1316 2325 1358 2381 ego

775 2390 891 2451 moriar,
903 2388 1010 2443 fruetus
1024 2386 1222 2440 conversionis
1237 2383 1358 2439 Gentium

775 2476 830 2514 nou
845 2465 988 2529 sequetur.
1004 2460 1036 2513 St'
1050 2466 1142 2510 niuem
1167 2455 1335 2520 mortuariis
1349 2480 1359 2492 ·

775 2534 835 2585 erit.
858 2532 973 2585 multum
998 2531 1120 2596 fructum
1142 2528 1240 2596 offert.
1273 2526 1301 2580 id
1317 2528 1358 2604 est,

775 2617 820 2656 me
836 2608 948 2656 mortuo
965 2616 1014 2670 per
1030 2601 1254 2665 humanitatem,
1271 2597 1359 2652 multt-

778 2672 929 2742 ulivatiitur
943 2672 1013 2726 ihtes
1032 2686 1080 2739 por
1096 2669 1233 2724 Gentium
1249 2683 1358 2723 conver·

777 2747 895 2799 sionem.
919 2748 956 2797 hc
969 2745 992 2797 si
1009 2756 1139 2810 exiiressc
1157 2739 1298 2795 dixisset:
1320 2738 1358 2792 lsti

777 2815 914 2881 Gentiles,
930 2813 977 2884 qui
996 2814 1080 2868 modo
1096 2811 1196 2867 volunt
1218 2814 1315 2866 veniri·
1329 2808 1359 2864 ad

779 2902 823 2942 me
840 2902 889 2955 tier
899 2888 1078 2956 praesentium
1094 2883 1291 2953 corporalem,
1306 2888 1359 2951 post

779 2965 898 3012 mortem
915 2972 1005 3012 meum
1017 2954 1131 3011 venient
1154 2957 1190 3010 ait
1207 2969 1255 3009 me
1270 2969 1318 3024 per
1329 2952 1360 3006 li·

778 3030 853 3085 dem.
871 3030 1018 3098 loseenun
1035 3033 1096 3081 erat
1113 3041 1240 3085 aravium
1262 3024 1357 3103 jacien-

778 3101 845 3156 dum
863 3103 890 3154 in
909 3114 1027 3169 corpore
1043 3104 1126 3152 terrae
1154 3113 1205 3168 per
1229 3095 1359 3151 Passionis

779 3171 978 3236 humilitatem,
990 3169 1062 3224 uude
1077 3183 1178 3223 messis
1192 3166 1358 3238 copiosade

779 3244 860 3298 hehet
874 3248 968 3297 statim
980 3255 1141 3309 exsurgere.
1155 3239 1253 3293 Piissio
1265 3237 1356 3314 quirine

779 3313 881 3369 Christi
900 3313 1018 3367 multum
1034 3309 1130 3366 attulit
1146 3309 1284 3373 lruietum,
1309 3323 1356 3362 sci·

780 3384 844 3439 licet
861 3401 867 3438 :
885 3385 1006 3438 lructum
1027 3380 1207 3437 remissionis
1229 3384 1356 3451 peecato-

779 3472 853 3521 rum,
870 3455 990 3510 lructuin
1007 3452 1202 3508 conversionis
1219 3450 1356 3515 Gentium,

779 3528 958 3595 fructumque
985 3523 1082 3585 eloriie
1112 3522 1193 3594 regui
1216 3524 1354 3578 (italorum.

781 3601 821 3663 tst,
834 3596 900 3667 quia
911 3597 1038 3652 Christus
1048 3610 1078 3649 se
1089 3594 1267 3661 comparavit
1278 3604 1354 3649 urano

780 3666 922 3734 humenti,
946 3682 1007 3722 mos
1034 3672 1076 3721 est
1106 3665 1241 3720 Ecclesiae
1265 3666 1298 3719 ile
1313 3664 1354 3738 hot

779 3755 881 3809 grano,
896 3737 1000 3793 scilieet
1016 3736 1120 3804 tritico,
1138 3741 1251 3791 tautum
1266 3732 1353 3810 ciinlict

779 3826 881 3879 eortius
901 3808 1015 3865 Christi.
1044 3806 1202 3873 moraliter,
1233 3808 1313 3862 homo
1330 3816 1351 3855 iu

779 3888 856 3936 terra
869 3880 953 3941 cadit,
972 3880 1086 3950 quando
1108 3893 1161 3948 per
1176 3878 1350 3934 humilitatem

779 3969 809 4008 se
823 3952 966 4021 deprimit,
988 3951 1036 4005 sod
1058 3965 1121 4004 eant
1140 3966 1196 4004 iiou
1229 3949 1349 4022 cooperti,

779 4023 892 4094 quaudo
902 4023 960 4076 vult
975 4020 1166 4076 humilitatem
1177 4022 1348 4097 inanitiestin,

780 4101 807 4149 et
829 4109 883 4149 non
910 4094 1059 4159 occultari,
1085 4099 1113 4146 el
1130 4091 1196 4147 talis
1221 4088 1348 4169 humilitas

781 4182 836 4220 non
852 4163 1002 4220 iruetilicat
1020 4180 1027 4231 ;
1043 4162 1093 4218 sed
1108 4163 1224 4233 quaudo
1241 4162 1300 4217 talis
1311 4159 1349 4212 itti·

779 4235 855 4292 milis
866 4236 924 4291 vult
939 4235 1015 4305 quod
1025 4235 1173 4291 humilitas
1187 4234 1285 4295 lateat,
1296 4234 1349 4284 tuot
