2842 4920
64 455 92 508 lS
120 454 314 516 OUAESTIONE
341 455 446 510 sorta
473 454 618 509 ratpero
645 457 832 525 SOLVENDO,
861 462 927 516 ero.
1049 460 1095 516 227

64 558 82 623 i,
100 575 185 630 qnam
210 560 348 632 pecunie.
363 561 459 617 Redde
516 577 581 617 nom
598 560 714 631 Christi,
733 563 776 619 rel
796 564 919 633 superba
945 565 982 623 ad
999 565 1096 625 imita·

64 631 129 688 dnm
148 635 174 688 in
202 633 255 688 hoc
279 648 397 705 corpore
417 649 448 688 rs
513 636 619 690 tionem
638 633 753 692 diaboli.
771 638 858 706 liujus
870 637 979 694 denarii
999 645 1096 696 osten·

64 704 157 760 tertiat
181 710 294 760 exactor
316 715 343 760 et
368 705 461 761 mittat
512 704 554 760 sio
570 710 601 760 tit
620 705 649 761 in
671 708 810 765 morlai)
832 724 917 779 quam
943 713 1097 769 metuenda

64 792 119 832 rem
141 794 147 830 :
171 798 185 825 n
207 778 268 832 ltaec
285 777 457 831 Ambrosius.
514 776 644 847 qnaestitt
659 778 877 834 Ostenditeuribi
889 785 1026 838 numisma
1037 799 1096 840 cart·

64 848 458 915 unpmueraNnmmnmha-
513 865 573 910 sus,
605 847 750 906 bominem
779 850 887 909 seilicet
916 852 1094 924 interiorem,

64 921 135 976 saris
163 919 315 991 imaginem
348 921 399 975 red
422 920 458 976 ite
513 921 840 991 sacrocarnisvelatnm,
855 923 986 982 exteriori
1000 925 1094 983 simu-

64 998 88 1059 ·t,
105 993 291 1062 vosmetipsos
306 997 401 1048 autem
419 993 458 1047 li·
513 991 617 1048 latione
643 995 855 1062 obumbratum,
871 994 919 1051 din
944 997 980 1052 atl
1005 997 1095 1066 poeni·

64 1064 456 1136 telinostgnatnmestcnim
512 1065 631 1120 tentiam
652 1071 854 1137 exspectatum.
876 1066 952 1124 Felix
971 1067 1019 1139 qui
1035 1074 1097 1140 pot-

64 1135 134 1192 sDri
149 1152 236 1207 snper
252 1152 313 1204 nos,
326 1153 384 1191 non
399 1141 456 1192 cae·
511 1134 565 1190 erit
587 1136 681 1193 dicere
699 1154 705 1192 :
722 1138 886 1194 Conse-idisti
912 1154 1020 1195 saecum
1041 1155 1098 1195 me·

65 1211 283 1274 cllierorrpmus.
510 1224 566 1268 um.
584 1215 609 1263 et
623 1209 832 1265 circumdedisti
843 1227 885 1264 me
901 1226 963 1265 cnm
981 1212 1098 1268 latitia!

78 1295 145 1335 suar
160 1297 301 1334 neooenor
325 1278 405 1334 Deo?
421 1311 456 1322 -
511 1279 563 1335 Sed
581 1279 610 1336 in
625 1280 734 1352 judu-io
749 1279 935 1353 interogatio
955 1281 1005 1338 liet
1021 1282 1097 1338 etde

64 1367 151 1421 ›nuae
174 1350 271 1406 muniti
293 1362 368 1416 sunt,
386 1368 455 1406 cor·
478 1378 480 1403 t
510 1349 643 1422 imagine.
661 1354 682 1409 0
697 1368 781 1425 qnam
807 1353 952 1410 horrenda
971 1353 1095 1411 interro·

64 1439 90 1483 n,
116 1422 301 1485 instit-rrum,
318 1422 454 1479 volunta-
478 1416 480 1447 ¹
509 1423 596 1493 gatio,
613 1423 669 1479 imo
686 1423 853 1496 increpatio,
867 1430 1006 1482 matorum
1020 1425 1026 1481 l
1042 1427 1093 1484 Cu·

69 1511 106 1562 m,
123 1501 150 1549 rt
169 1494 267 1549 omnia
281 1510 344 1565 «pree
360 1494 388 1549 in
406 1511 452 1550 no·
477 1524 480 1557 ἶ
504 1497 553 1562 jus
578 1502 617 1551 est
639 1499 730 1565 imupo
750 1500 814 1560 aare,
834 1506 859 1552 ct
878 1499 1095 1568 superscriptio?

64 1583 90 1633 o,
103 1583 121 1622 a
136 1582 192 1636 qtto
207 1582 378 1636 accepimns.
395 1583 452 1622 non
477 1562 480 1619 l
508 1566 630 1632 Qnittnt
648 1584 724 1624 enim
744 1574 838 1640 portat
861 1571 1011 1639 imaginem
1032 1569 1095 1640 ejus

64 1655 105 1706 us,
129 1639 178 1693 sed
200 1643 343 1708 tamqnam
369 1638 453 1694 debi-
477 1624 479 1701 l
508 1639 587 1710 cnjtts
613 1640 698 1695 tebet
715 1656 811 1712 opera.
828 1640 934 1696 scilicet
965 1640 1006 1697 rel
1033 1640 1093 1711 Dei,

65 1727 108 1774 us,
126 1715 154 1765 ut
169 1726 223 1765 non
237 1709 390 1777 eorm-arati
407 1711 454 1766 be·
477 1714 480 1807 l
508 1714 550 1765 vel
565 1712 757 1780 imperatoris,
770 1713 811 1767 vel
824 1711 932 1773 mnndi.
944 1712 987 1768 vel
999 1711 1095 1770 diabo

65 1781 240 1838 lionabilittr
266 1780 292 1836 in
323 1782 453 1838 omnibus
477 1826 479 1849 ,
510 1781 537 1836 li.
557 1783 609 1838 Sol
627 1782 718 1838 attunt
733 1782 760 1839 io
776 1783 824 1839 stet
840 1785 867 1839 in
886 1784 1093 1841 retributione:

64 1900 65 1906 ,
94 1854 174 1921 Ouia,
200 1855 353 1908 secundum
374 1857 452 1908 lirin·
477 1852 479 1887 ¹
509 1854 624 1910 Reddite
649 1872 713 1919 erpo
737 1872 798 1925 quae
815 1862 879 1910 stent
900 1859 1013 1912 caterae
1033 1859 1095 1912 Cae·

64 1943 136 1981 mum
153 1932 205 1989 est,
225 1934 252 1979 nt
271 1925 294 1979 ei
313 1942 365 1980 nos
380 1932 454 1981 lotos
477 1896 480 1967 Ι
508 1929 577 1991 sori,
595 1932 620 1980 ct
635 1942 696 1995 pua
710 1933 774 1981 sunt
789 1930 837 1981 Dei
854 1931 919 1986 ileo:
938 1926 1096 1996 qniaibunt

67 1997 94 2052 ui
110 1997 213 2053 debere
237 2014 287 2052 nos
301 1997 453 2052 recolimus
509 1997 536 2053 lii
551 1997 578 2051 in
596 1996 776 2067 supplicium.
794 1997 832 2051 illi
849 1997 875 2051 iu
892 1997 1037 2066 gandium.

86 2076 112 2125 et
137 2070 383 2140 potet-tomam
411 2075 454 2125 est
545 2066 1093 2138 5't'nessccralnna-nnu.-litqni
1149 2108 1151 2112 ι

64 2141 181 2199 reniens.
193 2140 452 2210 nerrontradirtio,
510 2138 588 2195 missi
606 2146 749 2196 tueranta
769 2139 929 2207 Pharisaeis,
949 2140 1094 2196 audientes

79 2223 116 2268 stt
139 2212 268 2268 subditus
291 2211 398 2267 bomini
425 2216 453 2268 in
508 2212 744 2284 speon-simam
764 2211 979 2284 responsionem
992 2212 1092 2267 Domi-

64 2301 83 2344 s.
105 2291 133 2340 et
159 2287 216 2340 Deo
240 2283 402 2339 immediate
423 2285 451 2340 in
475 2332 477 2363 Ι
507 2284 546 2349 ni,
562 2287 742 2352 mirnticurrt,
759 2283 1033 2355 quiaealliditateet
1047 2283 1091 2339 in-

71 2367 240 2426 :utrnmoue
250 2357 324 2411 eninr
340 2358 410 2411 bene
421 2372 451 2412 se
507 2354 1091 2428 sidiispraevalerenonpotuerunt,etideo,

64 2444 113 2484 nec
135 2429 254 2484 alterum
271 2429 352 2483 alteri
372 2443 451 2499 prae-
505 2431 599 2484 relr'rto
613 2446 649 2485 eo.
666 2426 740 2484 sient
751 2427 871 2497 consui,
884 2429 1021 2483 obierunt.
1037 2428 1090 2483 Un-

64 2506 107 2556 est.
122 2501 176 2557 Sed
192 2500 281 2567 mauis
295 2499 358 2555 ielir
370 2507 452 2556 estet

64 2589 70 2628 t
85 2573 288 2643 temporalibus
308 2579 337 2627 et
355 2587 450 2643 aper-

64 2646 128 2699 itute
148 2659 248 2700 eorum
274 2649 318 2700 est
345 2650 450 2713 erutus,

73 2717 227 2786 subjectns,
244 2716 310 2786 quia
325 2716 371 2770 hie
386 2731 451 2771 ma-

64 2802 106 2855 er,
124 2795 152 2842 et
169 2791 312 2859 princeps,
330 2793 359 2843 et
380 2786 452 2859 regi-

67 2876 74 2926 ;
90 2864 118 2914 et
131 2875 222 2929 neque
242 2857 404 2915 diritiarum
420 2857 452 2913 ti-

67 2932 252 3002 domnoque
277 2929 452 3002 principatus

64 3008 145 3071 psttce
166 3008 260 3057 antem
285 3006 340 3058 beo
361 3003 452 3058 dobe-

64 3090 71 3129 ι
100 3073 211 3144 ῑνίρΙειιι
229 3074 376 3137 tributum,
393 3072 452 3128 sire

66 3161 130 3201 uam
163 3147 296 3216 postulat,
322 3145 450 3200 seilicet:

64 3220 188 3273 trt'ectam
205 3216 386 3272 dilectionem
398 3233 404 3282 ;
417 3215 453 3271 de

64 3307 95 3343 rm
113 3294 141 3344 et
157 3290 334 3360 frequentem
350 3286 454 3357 gralia·

64 3376 106 3428 m;
121 3362 156 3416 de
180 3376 309 3420 corpore,
324 3358 452 3415 volunta-

64 3448 100 3486 rm
132 3432 392 3488 mortificationem.
423 3432 453 3486 ln

64 3503 125 3559 :iam
146 3503 200 3558 tria
216 3506 333 3574 mystice
352 3509 453 3558 notan-

69 3575 205 3645 qnaeritnr
227 3574 351 3631 ostensio
370 3579 455 3629 ‹tena-

64 3674 66 3690 ν
90 3645 283 3718 interrogatur
304 3645 455 3710 superscri-

68 3717 139 3772 ertio
159 3719 288 3788 seqnitur
310 3716 452 3782 diffinitio,
477 3658 480 3790 1

66 3789 133 3844 noi.
146 3793 174 3844 ln
186 3790 303 3845 denario
313 3797 377 3845 =nnt
389 3788 453 3843 tria:
479 3802 481 3829 t

505 2499 540 2555 de
555 2498 595 2556 ait
607 2504 789 2569 Hieronymus
804 2517 813 2554 z
832 2521 847 2551 «
865 2502 916 2566 Qui
932 2499 969 2554 ad
982 2504 1091 2555 tantam

506 2572 622 2628 credere
635 2570 804 2642 sapientiam
817 2572 987 2637 debuerant,
996 2567 1092 2626 mirati

507 2649 572 2699 sunt
583 2644 659 2715 quod
673 2641 814 2698 calliditas
825 2657 923 2698 eornm
938 2638 1093 2697 insidiandi

507 2715 600 2771 lot-nm
616 2731 672 2771 non
688 2712 854 2783 invenisset,
874 2719 912 2780 et,
929 2712 1029 2769 relicto
1045 2727 1091 2780 eo,

506 2785 649 2855 abierunt,
667 2785 869 2844 infidelitatem
891 2787 1000 2912 Beriter
1027 2796 1092 2842 cum

508 2858 645 2914 miraculo
662 2862 877 2928 reportantes»
916 2855 1011 2924 einde,
1027 2868 1093 2911 cum

507 2928 644 2987 abiissent
660 2927 810 2995 Pbarisaei,
821 2930 851 2982 in
869 2929 919 2982 illo
933 2929 978 2982 die
1002 2940 1094 2982 noers-

507 3006 600 3057 seruat
615 3001 653 3056 ed
668 3017 728 3057 eum
744 3001 901 3062 Saddueaer',
918 3004 950 3055 ut
966 2995 1032 3071 qnia
1045 3012 1092 3054 ra-

508 3076 585 3129 tione
612 3088 678 3128 enrn
706 3086 841 3143 superare
867 3085 924 3126 non
947 3072 1093 3152 poterant,

508 3143 606 3199 srtltem
621 3159 672 3215 per
691 3143 782 3215 ipsam
813 3142 1001 3212 frequentiam
1025 3155 1091 3197 sen-

508 3230 571 3271 sum
586 3215 648 3286 ejus
662 3217 871 3281 subverterent,
884 3225 913 3270 et
925 3211 1010 3269 laelio
1025 3227 1092 3269 eum

508 3293 686 3358 superarent.
708 3288 778 3342 Tres
806 3290 888 3342 erant
909 3291 993 3342 sectae
1016 3283 1092 3340 inter

507 3360 622 3415 ludaeos
640 3359 676 3414 ab
690 3356 754 3415 altis
770 3357 943 3426 atterentes,
961 3355 1088 3438 seilicel3

509 3429 656 3497 Pharisaei,
678 3429 725 3502 qni
752 3436 836 3487 erant
855 3430 891 3486 ab
914 3429 979 3486 aliis
1005 3427 1089 3485 diust

508 3507 644 3574 quantum
660 3509 695 3557 art
712 3501 841 3558 habitum
860 3509 889 3557 et
910 3499 1089 3569 traditiones,

509 3573 554 3645 qni
573 3572 773 3630 traditionibus
795 3573 898 3644 Moysis
922 3571 1090 3629 traditiones

509 3661 576 3702 snas
598 3647 796 3715 praeterebant.
813 3650 841 3701 et
865 3644 1021 3700 secundnm
1042 3642 1091 3698 Le·

509 3733 572 3789 gem
584 3719 759 3772 vocabantur
771 3713 917 3783 Pttarisrei,
931 3714 958 3770 id
971 3721 1014 3770 est
1022 3715 1093 3793 ἀίυιξ

509 3792 534 3844 si
559 3803 659 3843 avoce
674 3789 791 3854 Pheres,
807 3786 834 3842 id
852 3793 894 3843 est
911 3787 1020 3840 divisio.
1038 3782 1093 3839 Alit

64 3861 122 3914 tdtts
136 3872 163 3916 et
175 3860 377 3932 superscriptio
392 3874 455 3915 cnm
479 3856 482 3907 1
509 3867 590 3916 erant
606 3858 763 3918 sattanraet.
785 3858 834 3929 qui
850 3861 886 3914 ab
899 3857 962 3914 aliis
974 3855 1096 3911 drliere-

64 3933 143 3987 tteria
161 3940 202 3988 est
219 3932 454 4004 operatiobona,
479 3942 482 3999 t
509 3931 579 3988 bant
609 3938 747 4002 qnantum
776 3931 812 3986 ad
841 3928 1011 3995 doctrinam,
1039 3939 1096 3996 qna

64 4009 171 4072 gentes.
186 4009 374 4069 volstanma3
390 4019 456 4073 pon·
480 4012 482 4069 t
510 4002 562 4074 ip·i
579 4002 630 4059 sibi
643 4002 795 4074 justitiam,
812 4000 926 4072 etquod
939 4014 995 4054 non
1013 3997 1096 4053 erant

510 4075 705 4143 vindicabant,
717 4076 793 4131 nnde
804 4078 832 4129 et
840 4071 908 4144 justi
922 4076 1038 4149 propter
1047 4082 1096 4123 ex·

511 4145 643 4201 teriomm
673 4146 850 4204 sanctitatem
865 4140 998 4213 appellati
1012 4142 1077 4195 snnt
1085 4155 1095 4209 3

64 4217 127 4284 etio,
144 4217 171 4273 in
186 4219 288 4274 ellectu
310 4215 456 4275 otteriori.
511 4216 518 4271 i
542 4218 563 4272 si
584 4216 660 4274 enirn
674 4216 912 4274 resurrectionem
928 4211 1094 4282 negabant:

74 4289 180 4347 diaboli
196 4289 327 4362 cstcnlpa
341 4307 349 4358 ;
362 4286 459 4361 imago
512 4233 564 4356 ὅκκ’
589 4291 684 4345 dieunt
706 4289 937 4344 'resurrectionem
955 4300 1009 4340 tion
1028 4296 1096 4350 esse,

64 4361 262 4446 superscriptio
277 4366 320 4418 est
333 4358 458 4434 extarios
512 4359 638 4419 animam
665 4365 762 4418 autem
785 4360 937 4417 mortalem
968 4371 1042 4426 esse,
1067 4357 1097 4411 et

64 4479 67 4500 .
88 4439 118 4491 et
135 4433 252 4492 humilis
270 4431 307 4490 acl
321 4430 458 4490 imitatio·
512 4448 576 4492 eum
603 4446 722 4506 corpore
750 4428 870 4487 interire
897 4427 1043 4502 dicebant,
1062 4439 1096 4485 ae

865 4580 1190 4636 4-..„.„-fl

65 4074 141 4129 ontio
172 4081 249 4131 recta
279 4076 319 4131 rel
348 4090 455 4147 prava,
480 4078 483 4187 1

64 4144 140 4202 ditur
152 4146 179 4201 in
196 4148 299 4203 ellectu
317 4144 458 4213 interiori,
