2820 4928
79 407 127 461 iii
425 399 578 456 stublon
605 395 724 454 liniis
750 393 854 450 citur
883 391 959 447 Xbll

84 518 145 570 stus
156 509 185 568 in
201 506 341 567 threnis:
357 509 510 566 Recordare
523 513 672 580 pauperta-

84 588 202 643 tisriice.
216 587 242 637 et
257 582 402 651 absynthii
416 588 442 638 et
460 583 555 646 reltisi
575 589 603 636 et
620 596 670 636 re-

83 656 224 730 spondere
239 653 325 710 debet
340 657 424 710 borno
444 652 514 710 illud
538 653 613 724 quod
630 651 669 708 ibi

85 727 214 799 sequitur
227 742 234 781 :
248 728 381 781 Memoria
395 742 497 781 memor
511 741 566 788 ero,
582 731 607 780 ct
627 730 669 780 ta·

86 802 171 856 bescet
191 802 221 854 in
238 814 282 853 me
308 800 404 853 nriime
432 814 501 854 meu.
528 798 559 853 ln
581 796 670 852 stellis

86 888 152 928 rero
173 877 309 952 quantum
337 873 372 925 ait
389 868 568 941 incipientes,
586 870 670 925 debet

83 960 146 1000 esse
169 958 280 1014 signum
306 956 389 998 casus
404 947 432 998 et
455 944 577 1013 propriae
591 941 669 1011 deje-

84 1014 186 1072 ctionis
214 1030 263 1086 per
286 1013 446 1071 dulcetuum
473 1013 669 1085 multiplicium

86 1088 221 1145 humilem
233 1085 470 1157 recognitionem,
486 1086 521 1142 de
532 1101 588 1155 quo
602 1099 670 1140 casu

86 1162 188 1232 exirent
212 1164 304 1231 pote-t
332 1157 401 1214 illud
429 1157 668 1214 Proverbioiirm:

85 1234 192 1304 Septies
204 1233 233 1286 in
243 1230 288 1286 die
301 1231 380 1286 cadet
387 1230 491 1300 justus.
500 1232 669 1309 etresurpet3

85 1303 257 1361 sustineatur
286 1301 363 1358 enim
397 1318 446 1369 per
471 1300 591 1373 gratiam
622 1302 670 1355 liet

86 1374 164 1433 orani
178 1381 316 1446 tempore.
329 1370 670 1501 quodXerseptenarium

88 1463 238 1504 numerum
256 1445 394 1513 innuitur,
430 1445 493 1501 ubet
508 1446 609 1501 cadere
620 1457 671 1515 per

87 1522 230 1590 propriam
242 1516 473 1587 recognitionem.
487 1523 515 1574 et
526 1524 591 1572 tunc
600 1531 671 1571 sem-

88 1605 138 1662 per
151 1599 213 1662 post
236 1589 346 1659 lapsum
367 1588 487 1658 resurgit
503 1604 553 1658 per
568 1586 671 1643 divinar

87 1660 281 1717 miserationis
295 1659 519 1716 sublevationem
536 1678 543 1725 ;
558 1657 671 1730 quoties

89 1748 165 1789 enim
184 1730 247 1803 quis
264 1746 313 1797 pru
333 1730 391 1787 suis
415 1731 570 1788 ilclectibus
597 1746 672 1800 iuge·

89 1802 201 1871 muerit,
221 1803 306 1859 toties
333 1802 437 1859 dirrnae
462 1801 672 1876 propitiationis

90 1875 211 1949 gratiam
227 1874 280 1932 sibi
294 1878 417 1947 amplius
428 1875 592 1935 cuniutabit.
607 1877 672 1930 llaec

89 1955 182 2007 autem
206 1946 289 2013 sinna
305 1960 397 2005 tani-re
414 1947 440 2004 iu
456 1948 583 2019 quolibet
597 1963 610 2002 s
624 1952 672 2003 atu

89 2025 239 2078 nonestex
253 2020 345 2088 nobis,
361 2021 410 2077 sed
428 2021 673 2088 exsuperct'lluen·

89 2092 130 2149 tia
148 2091 251 2149 divina
284 2092 440 2161 bonitatis;
462 2093 526 2149 ico
553 2090 673 2164 Sapiens

91 2166 130 2220 sic
144 2174 223 2220 orat:
248 2166 377 2219 Miserere
402 2169 500 2226 nestri.
523 2168 594 2220 Deus
611 2180 673 2218 om-

90 2239 177 2294 nium.
192 2242 217 2291 et
230 2238 340 2290 ostende
358 2236 436 2291 nobis
455 2239 540 2291 iucem
557 2239 673 2291 miseru-

91 2311 196 2363 tionum
223 2313 352 2375 tuarum;
373 2312 402 2360 et
429 2307 544 2363 subdit:
571 2311 675 2364 laneae

90 2381 170 2446 ripun
183 2383 209 2432 et
224 2380 339 2433 immuta
354 2379 507 2435 mirabilia.

123 2452 676 2508 eluimusspurcissimorum.-

93 2523 233 2586 Secundo,
249 2522 419 2579 describitur
432 2524 554 2580 turbatio
569 2523 597 2579 in
612 2539 675 2580 cre·

92 2604 175 2652 utura
189 2593 367 2664 elementari,
380 2611 445 2652 curn
457 2595 581 2653 dicitur:
597 2599 631 2652 lit
646 2599 677 2651 iii

91 2670 173 2723 terris
185 2682 316 2739 pressura
330 2671 462 2736 gentium,
479 2685 537 2739 prae
555 2670 677 2735 confusi·

91 2755 141 2796 orie
150 2743 256 2795 sonitus
268 2743 364 2807 maiis,
377 2747 402 2797 et
411 2743 541 2810 fluctuum
563 2742 632 2796 llam
644 2756 678 2796 ex

94 2809 283 2883 impressione
293 2826 443 2884 corpumrn
457 2812 615 2869 coelest'ium
628 2811 679 2869 fiet

94 2881 246 2940 commotio
264 2889 480 2942 clementorum.
496 2887 583 2941 Terra
601 2900 678 2941 emm

94 2953 679 3023 commotionecurrimuvebitur,etiuaeie

94 3026 186 3098 caligo
211 3026 484 3094 circuitionum
503 3036 529 3085 et
556 3028 677 3106 lulgura,

94 3105 304 3156 curu-cationes
331 3105 358 3156 ct
387 3100 471 3157 variae
495 3105 679 3172 tempestates

93 3174 314 3298 generabuntur.
337 3173 367 3228 ln
385 3172 454 3228 muri
473 3188 584 3244 qiioque
603 3182 631 3228 et
649 3176 678 3230 iti

120 3242 240 3311 uctibus,
256 3245 471 3313 generabuntur
484 3244 600 3316 spiritus
616 3261 680 3318 pro-

96 3314 240 3372 cellarum.
251 3320 280 3370 et
293 3314 413 3371 abintus
428 3323 455 3372 et
470 3317 505 3373 ab
521 3324 599 3372 extra
614 3333 680 3373 con·

31 3392 39 3409 ·
96 3385 236 3465 cutientes
264 3389 495 3447 niareetlluclus.
510 3404 541 3443 ex
557 3404 678 3470 quorum

97 3456 290 3512 contractione
306 3458 488 3524 perscribitur
504 3475 641 3515 matrimus
652 3469 680 3515 et

96 3525 242 3584 horribilis
254 3543 350 3593 sonus,
369 3536 396 3583 et
411 3545 469 3600 prae
489 3529 574 3585 nimia
593 3547 679 3602 aqua-

96 3615 160 3656 rum
176 3599 242 3654 hinc
260 3600 324 3655 iride
341 3600 496 3672 agitatione
511 3603 617 3674 rib-pue
632 3619 679 3658 oc-

97 3672 173 3739 dine,
188 3669 268 3741 quasi
292 3689 379 3728 suuus
393 3673 567 3730 contusionis
591 3691 679 3747 appa·

97 3744 178 3800 retiit.
197 3746 229 3800 Et
244 3744 360 3817 insuper
375 3745 466 3801 aderit
480 3745 565 3802 etium
583 3749 679 3803 incun-

93 3816 170 3873 dium
187 3815 270 3898 ignis,
288 3817 334 3888 uiti
351 3826 502 3890 praecurret
520 3820 617 3876 laciem
633 3822 681 3877 lu·

97 3888 178 3956 dicis,
199 3896 238 3946 tta
254 3897 281 3946 ut
294 3900 406 3946 marcet
421 3895 514 3946 omnia
529 3893 681 3948 credantur

99 3961 224 4017 consumi
239 3961 366 4027 omuino,
380 3960 491 4018 dicente
503 3964 599 4019 Petro:
617 3967 679 4019 lile-

98 4038 188 4088 mentn
203 4035 293 4089 calore
304 4037 452 4102 sulcentur,
469 4042 494 4089 et
508 4042 580 4089 terra
591 4042 616 4089 et
628 4052 681 4089 em·

100 4108 158 4167 iiie,
174 4123 234 4176 qua
248 4109 278 4161 in
291 4124 322 4161 eu
337 4113 400 4164 surit
412 4124 504 4179 epira.
519 4114 678 4162 inureretur.

99 4177 137 4256 Ea
153 4177 253 4246 quibus
275 4180 406 4236 erunibus
426 4180 513 4236 cruda
533 4180 680 4235 bominum

99 4252 187 4304 mmio
199 4254 307 4306 terrore
321 4251 528 4321 concutientur,
552 4258 580 4309 et
594 4251 680 4306 bomi-

100 4334 152 4375 nes
175 4320 287 4377 attoniti
312 4326 392 4394 quasi
417 4329 514 4396 lugere
547 4326 681 4394 volentes,

102 4393 130 4445 it
142 4397 259 4463 propter
270 4395 570 4455 ausoniensi-renites
578 4411 609 4455 re
622 4411 682 4454 mu·

727 509 778 562 tuo
792 500 887 559 videm
905 515 964 557 non
992 496 1145 565 valentes,
1167 495 1304 556 diuinar-

727 577 764 635 do
773 593 803 633 se
812 573 929 631 invicem
941 577 1094 645 prement,
1105 569 1306 643 ctimpiugeodo

727 644 1307 716 comprimunt,utlratpressuragentiun,

727 727 754 779 et
769 727 916 778 ruatunus
929 715 1125 789 superadum
1142 731 1307 773 errioucursa

725 794 878 850 multorum
893 790 1061 846 timentium
1074 790 1115 846 ab
1130 788 1215 860 aquis
1227 789 1308 845 aber-

728 864 799 932 beri,
816 873 843 920 et
857 864 893 921 ab
906 862 969 933 igu·
979 867 1011 918 et
1024 860 1248 934 tempestatibus
1258 876 1310 916 oio

727 954 809 996 suini.
821 934 1012 992 etsecundum
1026 936 1084 990 troc
1095 932 1311 1008 propiieiticitor

728 1024 869 1083 pressura,
885 1007 966 1077 qua-i
984 1021 1132 1078 premens
1147 1021 1253 1064 suram.
1268 1007 1310 1061 tu·

726 1082 799 1138 rimu
808 1086 902 1137 autem
916 1080 1001 1152 liujirs
1009 1094 1161 1151 pressurae
1174 1094 1257 1136 catus
1268 1075 1313 1135 erit

728 1156 837 1211 sonitus
852 1150 937 1207 maris
952 1158 980 1207 et
993 1153 1153 1221 lluctuum,
1185 1150 1233 1208 uia
1247 1165 1313 1207 mira

728 1225 861 1282 inusitato
875 1223 959 1280 modo
973 1222 1154 1281 terribiliter
1164 1168 1277 1287 inerret,
1289 1228 1312 1279 et

728 1297 806 1354 littus
826 1294 912 1351 maris
938 1295 1145 1354 vehementius
1170 1294 1311 1369 agitabitur

727 1375 906 1441 tempestate.

765 1465 779 1514 7
795 1443 933 1497 Turranio
951 1457 1104 1498 mearunt
1123 1455 1310 1497 simonianis.

730 1543 761 1554 —
777 1512 882 1574 Tertio.
897 1511 1073 1569 describitur
1086 1515 1218 1570 turbatio
1229 1512 1312 1568 incre

728 1592 810 1642 atura
823 1583 996 1647 rationabili,
1012 1583 1041 1640 id
1066 1590 1114 1641 est
1134 1584 1167 1642 in
1199 1582 1310 1650 bomine,

730 1673 793 1714 cum
816 1657 966 1713 subditur:
987 1659 1204 1726 arescentibus,
1233 1657 1259 1712 id
1280 1662 1312 1712 est

730 1727 941 1795 deficientibus,
971 1730 1147 1798 luminibus,
1180 1746 1198 1784 a
1231 1728 1311 1800 rigore

731 1818 789 1858 suae
805 1799 959 1872 corporalis
983 1799 1100 1857 virtutis
1115 1807 1146 1857 et
1161 1799 1257 1857 cature
1268 1818 1275 1867 ;
1287 1798 1311 1854 iu

730 1874 830 1931 diebus
845 1888 921 1930 enim
936 1871 991 1928 iltis
1010 1872 1181 1930 efficientur
1195 1870 1312 1929 homiues

730 1946 802 2003 aridi
817 1952 845 2001 et
860 1961 896 2017 pa
906 1945 1195 2016 esceutesetstupidi
1212 1951 1239 2000 et
1251 1942 1313 1999 velut

731 2031 868 2083 amente,
888 2023 914 2073 et
935 2018 1142 2073 cuiuabescent
1169 2016 1198 2073 iu
1214 2015 1311 2087 scipsis,

731 2093 771 2147 ita
787 2089 904 2147 utalter
927 2088 1048 2145 alierum
1073 2105 1130 2147 non
1150 2088 1312 2160 alloquatur,

731 2166 774 2219 ret
792 2161 889 2220 audiat
910 2177 960 2217 seu
979 2161 1122 2228 attendat,
1139 2178 1202 2234 pras
1219 2164 1312 2228 timori,

730 2234 839 2293 scilicet
854 2233 990 2290 malorum
1010 2236 1222 2305 praesentium,
1237 2237 1312 2288 etce-

730 2309 897 2382 spectatione
922 2304 1059 2362 malorum
1085 2305 1186 2362 adlini:
1212 2311 1313 2361 restiu-

731 2377 1314 2450 itinn,quniuquaiunimoeetexspecu

732 2452 772 2508 tio
789 2452 978 2522 superscribat
996 2451 1126 2505 universo
1147 2451 1219 2506 orbi.
1239 2445 1314 2516 Quasi

733 2525 839 2581 circuiet
853 2540 859 2577 ε
875 2523 931 2579 Nec
946 2520 1033 2589 natio,
1048 2538 1101 2578 nec
1117 2519 1315 2594 provinciae:-

734 2596 864 2652 cludetur
878 2597 914 2651 ab
930 2592 974 2649 liis
994 2593 1145 2666 angustiis.
1167 2596 1206 2650 De
1220 2595 1264 2649 bis
1275 2606 1315 2648 an·

733 2675 790 2725 teni
806 2666 845 2723 sic
868 2665 936 2722 dicit
950 2665 1033 2722 baias
1058 2669 1191 2737 :Er-itque
1204 2669 1315 2738 reponi,

734 2747 761 2797 ct
773 2740 917 2804 confestim
932 2738 1096 2795 visitabitur
1110 2756 1130 2794 ii
1151 2741 1264 2795 ῡοιιιὺιο
1276 2752 1316 2792 α·

735 2815 869 2868 ercituum
884 2813 914 2866 iri
937 2813 1069 2876 tonitruo,
1100 2815 1130 2866 et
1145 2812 1315 2867 commuteris

735 2890 823 2947 terrae.
839 2889 865 2940 et
880 2898 942 2938 eece
955 2899 1056 2951 monna
1071 2885 1196 2939 turbinis
1212 2889 1238 2938 et
1251 2888 1314 2938 teu-

734 2960 851 3028 pestiiti's
870 2960 896 3010 ei
915 2957 1030 3025 deminae
1057 2957 1134 3023 iguis
1152 2955 1313 3011 devorant&

736 3031 769 3085 Et
794 3027 834 3085 sic.
850 3026 1014 3098 implebitur
1040 3026 1117 3099 qarod
1135 3027 1207 3083 dicit
1237 3023 1313 3082 uniit

736 3101 771 3157 de
782 3100 868 3172 impio
880 3116 886 3154 :
902 3098 1021 3166 Quaesivi
1031 3104 1057 3154 ct
1069 3115 1124 3154 nori
1136 3105 1178 3155 est
1193 3102 1313 3175 inventur

736 3175 810 3229 locus
834 3173 903 3242 ejus.
925 3171 1009 3238 Quasi
1040 3172 1172 3227 diceret:
1201 3167 1313 3238 Quaesitt

735 3246 823 3316 impio
840 3244 930 3300 lucum
960 3242 988 3298 in
1013 3248 1132 3311 mundo,
1153 3248 1181 3299 et
1205 3259 1261 3298 uun
1280 3243 1312 3296 iu·

736 3315 808 3374 reni,
831 3317 912 3382 Nam,
937 3313 1044 3385 judicio
1063 3313 1245 3382 imminente,
1264 3327 1311 3369 coe·

738 3388 794 3443 lum
820 3385 953 3443 tonitruis
972 3390 1001 3441 et
1024 3385 1185 3459 fulguribus
1206 3383 1312 3456 repellet

736 3458 866 3531 inipium,
884 3474 933 3515 aer
956 3457 1079 3528 depellet
1094 3473 1146 3528 per
1166 3457 1310 3520 turbinem,

737 3548 816 3588 mare
834 3547 883 3597 per
910 3536 1118 3598 tempestatem,
1151 3535 1228 3586 terra
1255 3541 1311 3585 euru

738 3602 856 3660 excutiet
883 3617 934 3674 per
957 3601 1203 3670 commotionem
1227 3609 1266 3669 ut,
1287 3599 1310 3654 in

737 3682 796 3732 luto
812 3676 917 3731 mundo
935 3676 1026 3730 locum
1042 3689 1096 3730 non
1113 3673 1262 3731 inveniens
1278 3686 1312 3726 se·

738 3759 860 3831 periatur
875 3746 904 3802 iii
925 3746 1041 3802 llamiua
1059 3744 1135 3817 ignis
1159 3741 1310 3803 devorantis

737 3837 765 3875 ιιι
783 3821 905 3874 interno.

774 3893 944 3946 bl'uaanrio
961 3907 1104 3946 castrans
1130 3904 1311 3946 runsrrscrct·

738 3980 788 4018 nrs.
799 3994 831 4004 -
841 3964 955 4029 Quarto.
967 3961 1074 4034 ponitur
1087 3964 1172 4019 turba
1186 3963 1213 4019 io
1222 3963 1249 4018 iii
1258 3977 1309 4018 cie·

738 4042 821 4093 utura
852 4034 1035 4090 intellectuali
1080 4049 1144 4089 cum
1176 4034 1308 4090 inlurtur:

739 4111 809 4165 lt’nm
831 4110 952 4164 Virtutes
967 4109 1102 4175 culorum,
1127 4106 1216 4163 idest
1233 4118 1309 4177 auge

738 4180 799 4236 licae
815 4183 983 4245 l’otestates,
998 4179 1188 4235 merebuntur.
1208 4179 1255 4236 llla
1266 4191 1308 4232 nu·

738 4258 797 4309 tem
821 4256 915 4307 mutus
941 4251 995 4308 erit
1018 4249 1215 4323 multipliciter
1231 4268 1238 4306 ε
1254 4247 1310 4318 uuit

731 4324 931 4380 merebuntur
951 4323 1077 4395 quodiam
1096 4328 1176 4380 motu
1197 4320 1308 4380 admiri-

742 4394 830 4452 tionii
839 4394 970 4453 ridentes
980 4393 1132 4453 inusitatos
1145 4394 1262 4454 effectur
1273 4405 1309 4451 er
