<?xml version="1.0" encoding="UTF-8"?>
<!DOCTYPE html PUBLIC "-//W3C//DTD XHTML 1.0 Transitional//EN"
    "http://www.w3.org/TR/xhtml1/DTD/xhtml1-transitional.dtd">
<html xmlns="http://www.w3.org/1999/xhtml" xml:lang="en" lang="en">
 <head>
  <title>
</title>
<meta http-equiv="Content-Type" content="text/html;charset=utf-8" />
  <meta name='ocr-system' content='tesseract 3.04.00' />
  <meta name='ocr-capabilities' content='ocr_page ocr_carea ocr_par ocr_line ocrx_word'/>
</head>
<body>
  <div class='ocr_page' id='page_1' title='image "./vitajesuchristi01ludogoog_0091.png"; bbox 0 0 2820 4928; ppageno 0'>
   <div class='ocr_carea' id='block_1_1' title="bbox 125 327 1010 389">
    <p class='ocr_par' dir='ltr' id='par_1_1' title="bbox 125 327 1010 389">
     <span class='ocr_line' id='line_1_1' title="bbox 125 327 1010 389; baseline -0.007 0"><span class='ocrx_word' id='word_1_1' title='bbox 125 334 158 389; x_wconf 81' lang='grc'>80</span> <span class='ocrx_word' id='word_1_2' title='bbox 426 364 428 368; x_wconf 36' lang='lat' dir='ltr'>v</span> <span class='ocrx_word' id='word_1_3' title='bbox 490 333 645 388; x_wconf 66' lang='lat' dir='ltr'>secutum</span> <span class='ocrx_word' id='word_1_4' title='bbox 672 333 794 386; x_wconf 79' lang='lat' dir='ltr'>l‘lllllS</span> <span class='ocrx_word' id='word_1_5' title='bbox 822 332 929 385; x_wconf 54' lang='lat' dir='ltr'>unitur</span> <span class='ocrx_word' id='word_1_6' title='bbox 956 327 1010 383; x_wconf 90' lang='lat' dir='ltr'>llll</span> 
     </span>
    </p>
   </div>
   <div class='ocr_carea' id='block_1_2' title="bbox 119 438 715 4380">
    <p class='ocr_par' dir='ltr' id='par_1_2' title="bbox 128 438 714 513">
     <span class='ocr_line' id='line_1_2' title="bbox 128 438 714 513; baseline -0.009 -14"><span class='ocrx_word' id='word_1_7' title='bbox 128 457 242 512; x_wconf 79' lang='lat' dir='ltr'>reguum</span> <span class='ocrx_word' id='word_1_8' title='bbox 260 444 396 513; x_wconf 71' lang='lat' dir='ltr'>cantorum.</span> <span class='ocrx_word' id='word_1_9' title='bbox 415 442 449 496; x_wconf 87' lang='lat' dir='ltr'>Et</span> <span class='ocrx_word' id='word_1_10' title='bbox 472 438 541 495; x_wconf 92' lang='lat' dir='ltr'>illud</span> <span class='ocrx_word' id='word_1_11' title='bbox 560 456 567 494; x_wconf 91' lang='lat'>:</span> <span class='ocrx_word' id='word_1_12' title='bbox 583 439 714 495; x_wconf 77' lang='lat' dir='ltr'>Audistis</span> 
     </span>
    </p>

    <p class='ocr_par' dir='ltr' id='par_1_3' title="bbox 119 513 715 4380">
     <span class='ocr_line' id='line_1_3' title="bbox 149 513 715 582; baseline -0.005 -14"><span class='ocrx_word' id='word_1_13' title='bbox 149 516 311 570; x_wconf 79' lang='lat' dir='ltr'>uindictam</span> <span class='ocrx_word' id='word_1_14' title='bbox 322 518 362 568; x_wconf 82' lang='lat' dir='ltr'>est</span> <span class='ocrx_word' id='word_1_15' title='bbox 374 514 498 582; x_wconf 76' lang='lat' dir='ltr'><strong><em>antiquis</em></strong></span> <span class='ocrx_word' id='word_1_16' title='bbox 510 528 516 566; x_wconf 95' lang='lat'><strong>:</strong></span> <span class='ocrx_word' id='word_1_17' title='bbox 531 514 592 570; x_wconf 85' lang='lat' dir='ltr'>Non</span> <span class='ocrx_word' id='word_1_18' title='bbox 602 513 715 566; x_wconf 74' lang='lat' dir='ltr'>muclta-</span> 
     </span>
     <span class='ocr_line' id='line_1_4' title="bbox 129 531 715 654; baseline -0.005 -14"><span class='ocrx_word' id='word_1_19' title='bbox 129 531 216 653; x_wconf 55' lang='lat' dir='ltr'>Uice</span> <span class='ocrx_word' id='word_1_20' title='bbox 228 602 275 653; x_wconf 80' lang='lat' dir='ltr'>epo</span> <span class='ocrx_word' id='word_1_21' title='bbox 285 589 376 639; x_wconf 87' lang='lat' dir='ltr'>nutem</span> <span class='ocrx_word' id='word_1_22' title='bbox 384 585 445 639; x_wconf 82' lang='lat' dir='ltr'>dico</span> <span class='ocrx_word' id='word_1_23' title='bbox 457 584 544 652; x_wconf 83' lang='lat' dir='ltr'>vobis,</span> <span class='ocrx_word' id='word_1_24' title='bbox 553 585 603 654; x_wconf 81' lang='lat' dir='ltr'>qui</span> <span class='ocrx_word' id='word_1_25' title='bbox 612 583 715 638; x_wconf 81' lang='lat' dir='ltr'>viderit</span> 
     </span>
     <span class='ocr_line' id='line_1_5' title="bbox 129 655 714 726; baseline -0.005 -14"><span class='ocrx_word' id='word_1_26' title='bbox 129 658 271 713; x_wconf 75' lang='lat' dir='ltr'>mittierem</span> <span class='ocrx_word' id='word_1_27' title='bbox 281 655 569 726; x_wconf 81' lang='lat' dir='ltr'>adconcupiaeendum</span> <span class='ocrx_word' id='word_1_28' title='bbox 579 655 714 723; x_wconf 69' lang='lat' dir='ltr'>eampum</span> 
     </span>
     <span class='ocr_line' id='line_1_6' title="bbox 129 725 715 795; baseline -0.002 -13"><span class='ocrx_word' id='word_1_29' title='bbox 129 729 277 783; x_wconf 75' lang='lat' dir='ltr'>mechatus</span> <span class='ocrx_word' id='word_1_30' title='bbox 290 730 329 782; x_wconf 87' lang='lat' dir='ltr'>est</span> <span class='ocrx_word' id='word_1_31' title='bbox 343 730 374 782; x_wconf 86' lang='lat' dir='ltr'>in</span> <span class='ocrx_word' id='word_1_32' title='bbox 386 727 466 783; x_wconf 90' lang='lat' dir='ltr'>corde</span> <span class='ocrx_word' id='word_1_33' title='bbox 480 741 542 795; x_wconf 84' lang='lat' dir='ltr'>suo;</span> <span class='ocrx_word' id='word_1_34' title='bbox 559 725 606 782; x_wconf 90' lang='lat' dir='ltr'>ubi</span> <span class='ocrx_word' id='word_1_35' title='bbox 622 731 715 782; x_wconf 88' lang='lat' dir='ltr'>osten·</span> 
     </span>
     <span class='ocr_line' id='line_1_7' title="bbox 130 796 715 870; baseline -0.002 -16"><span class='ocrx_word' id='word_1_36' title='bbox 130 797 206 854; x_wconf 87' lang='lat' dir='ltr'>ditur</span> <span class='ocrx_word' id='word_1_37' title='bbox 221 798 295 870; x_wconf 89' lang='lat' dir='ltr'>quod</span> <span class='ocrx_word' id='word_1_38' title='bbox 310 815 366 856; x_wconf 89' lang='lat' dir='ltr'>non</span> <span class='ocrx_word' id='word_1_39' title='bbox 380 798 472 854; x_wconf 85' lang='lat' dir='ltr'>solum</span> <span class='ocrx_word' id='word_1_40' title='bbox 487 796 657 854; x_wconf 88' lang='lat' dir='ltr'>damnabilis</span> <span class='ocrx_word' id='word_1_41' title='bbox 671 800 715 853; x_wconf 87' lang='lat' dir='ltr'>est</span> 
     </span>
     <span class='ocr_line' id='line_1_8' title="bbox 128 868 715 941; baseline -0.003 -15"><span class='ocrx_word' id='word_1_42' title='bbox 128 884 284 926; x_wconf 89' lang='lat' dir='ltr'>consensus</span> <span class='ocrx_word' id='word_1_43' title='bbox 308 870 336 926; x_wconf 93' lang='lat' dir='ltr'>in</span> <span class='ocrx_word' id='word_1_44' title='bbox 361 886 432 941; x_wconf 90' lang='lat' dir='ltr'>opus</span> <span class='ocrx_word' id='word_1_45' title='bbox 451 868 592 937; x_wconf 86' lang='lat' dir='ltr'>moechiae,</span> <span class='ocrx_word' id='word_1_46' title='bbox 616 869 715 925; x_wconf 90' lang='lat' dir='ltr'>sedet</span> 
     </span>
     <span class='ocr_line' id='line_1_9' title="bbox 129 939 712 999; baseline 0.003 -3"><span class='ocrx_word' id='word_1_47' title='bbox 129 956 284 999; x_wconf 84' lang='lat' dir='ltr'>consensus</span> <span class='ocrx_word' id='word_1_48' title='bbox 302 941 338 998; x_wconf 90' lang='lat' dir='ltr'>ad</span> <span class='ocrx_word' id='word_1_49' title='bbox 357 940 557 998; x_wconf 85' lang='lat' dir='ltr'>delectandum</span> <span class='ocrx_word' id='word_1_50' title='bbox 571 939 600 996; x_wconf 92' lang='lat' dir='ltr'>in</span> <span class='ocrx_word' id='word_1_51' title='bbox 616 941 712 998; x_wconf 91' lang='lat' dir='ltr'>corde.</span> 
     </span>
     <span class='ocr_line' id='line_1_10' title="bbox 130 1011 713 1085; baseline -0.002 -16"><span class='ocrx_word' id='word_1_52' title='bbox 130 1015 195 1069; x_wconf 88' lang='lat' dir='ltr'>llaec</span> <span class='ocrx_word' id='word_1_53' title='bbox 208 1013 264 1071; x_wconf 89' lang='lat' dir='ltr'>tria</span> <span class='ocrx_word' id='word_1_54' title='bbox 278 1011 396 1070; x_wconf 91' lang='lat' dir='ltr'>consilia</span> <span class='ocrx_word' id='word_1_55' title='bbox 412 1011 546 1084; x_wconf 72' lang='lat' dir='ltr'>praedicta</span> <span class='ocrx_word' id='word_1_56' title='bbox 563 1017 631 1068; x_wconf 86' lang='lat' dir='ltr'>sunt</span> <span class='ocrx_word' id='word_1_57' title='bbox 648 1028 713 1085; x_wconf 87' lang='lat' dir='ltr'>spe·</span> 
     </span>
     <span class='ocr_line' id='line_1_11' title="bbox 129 1081 714 1156; baseline 0 -17"><span class='ocrx_word' id='word_1_58' title='bbox 129 1083 212 1141; x_wconf 83' lang='lat' dir='ltr'>cialia</span> <span class='ocrx_word' id='word_1_59' title='bbox 235 1085 329 1142; x_wconf 91' lang='lat' dir='ltr'>omnis</span> <span class='ocrx_word' id='word_1_60' title='bbox 351 1085 481 1156; x_wconf 84' lang='lat' dir='ltr'>perlectae</span> <span class='ocrx_word' id='word_1_61' title='bbox 504 1081 664 1155; x_wconf 88' lang='lat' dir='ltr'>religionis,</span> <span class='ocrx_word' id='word_1_62' title='bbox 686 1088 714 1139; x_wconf 92' lang='lat' dir='ltr'>ct</span> 
     </span>
     <span class='ocr_line' id='line_1_12' title="bbox 129 1156 713 1229; baseline -0.002 -17"><span class='ocrx_word' id='word_1_63' title='bbox 129 1156 344 1227; x_wconf 87' lang='lat' dir='ltr'>substantialia;</span> <span class='ocrx_word' id='word_1_64' title='bbox 358 1156 425 1229; x_wconf 89' lang='lat' dir='ltr'>quia</span> <span class='ocrx_word' id='word_1_65' title='bbox 436 1173 502 1213; x_wconf 92' lang='lat' dir='ltr'>suos</span> <span class='ocrx_word' id='word_1_66' title='bbox 515 1157 713 1212; x_wconf 78' lang='lat' dir='ltr'>observatores</span> 
     </span>
     <span class='ocr_line' id='line_1_13' title="bbox 128 1227 713 1301; baseline -0.002 -18"><span class='ocrx_word' id='word_1_67' title='bbox 128 1227 265 1301; x_wconf 91' lang='lat' dir='ltr'>elongant</span> <span class='ocrx_word' id='word_1_68' title='bbox 277 1246 294 1287; x_wconf 87' lang='lat' dir='ltr'>a</span> <span class='ocrx_word' id='word_1_69' title='bbox 306 1231 392 1294; x_wconf 89' lang='lat' dir='ltr'>malo,</span> <span class='ocrx_word' id='word_1_70' title='bbox 402 1245 459 1286; x_wconf 91' lang='lat' dir='ltr'>non</span> <span class='ocrx_word' id='word_1_71' title='bbox 474 1227 564 1285; x_wconf 86' lang='lat' dir='ltr'>solum</span> <span class='ocrx_word' id='word_1_72' title='bbox 576 1233 713 1299; x_wconf 87' lang='lat' dir='ltr'>quantum</span> 
     </span>
     <span class='ocr_line' id='line_1_14' title="bbox 128 1298 713 1374; baseline -0.005 -18"><span class='ocrx_word' id='word_1_73' title='bbox 128 1300 164 1357; x_wconf 87' lang='lat' dir='ltr'>ad</span> <span class='ocrx_word' id='word_1_74' title='bbox 184 1303 306 1374; x_wconf 88' lang='lat' dir='ltr'>culpam,</span> <span class='ocrx_word' id='word_1_75' title='bbox 325 1301 375 1358; x_wconf 91' lang='lat' dir='ltr'>sed</span> <span class='ocrx_word' id='word_1_76' title='bbox 401 1300 487 1357; x_wconf 87' lang='lat' dir='ltr'>etiam</span> <span class='ocrx_word' id='word_1_77' title='bbox 514 1306 649 1371; x_wconf 87' lang='lat' dir='ltr'>quantum</span> <span class='ocrx_word' id='word_1_78' title='bbox 677 1298 713 1354; x_wconf 93' lang='lat' dir='ltr'>ad</span> 
     </span>
     <span class='ocr_line' id='line_1_15' title="bbox 128 1370 713 1444; baseline -0.003 -16"><span class='ocrx_word' id='word_1_79' title='bbox 128 1387 253 1430; x_wconf 87' lang='lat' dir='ltr'>causam.</span> <span class='ocrx_word' id='word_1_80' title='bbox 266 1377 355 1430; x_wconf 83' lang='lat' dir='ltr'>Omne</span> <span class='ocrx_word' id='word_1_81' title='bbox 368 1388 491 1444; x_wconf 88' lang='lat' dir='ltr'>namque</span> <span class='ocrx_word' id='word_1_82' title='bbox 505 1371 611 1428; x_wconf 91' lang='lat' dir='ltr'>malum</span> <span class='ocrx_word' id='word_1_83' title='bbox 623 1370 713 1427; x_wconf 90' lang='lat' dir='ltr'>oritur</span> 
     </span>
     <span class='ocr_line' id='line_1_16' title="bbox 129 1442 712 1515; baseline -0.005 -16"><span class='ocrx_word' id='word_1_84' title='bbox 129 1460 163 1499; x_wconf 81' lang='lat' dir='ltr'>en</span> <span class='ocrx_word' id='word_1_85' title='bbox 178 1444 282 1515; x_wconf 87' lang='lat' dir='ltr'>triplici</span> <span class='ocrx_word' id='word_1_86' title='bbox 298 1443 404 1513; x_wconf 86' lang='lat' dir='ltr'>radice,</span> <span class='ocrx_word' id='word_1_87' title='bbox 419 1442 527 1499; x_wconf 90' lang='lat' dir='ltr'>scilicet</span> <span class='ocrx_word' id='word_1_88' title='bbox 545 1460 552 1498; x_wconf 74' lang='grc' dir='ltr'>ε</span> <span class='ocrx_word' id='word_1_89' title='bbox 570 1459 602 1498; x_wconf 81' lang='lat' dir='ltr'>en</span> <span class='ocrx_word' id='word_1_90' title='bbox 616 1459 712 1497; x_wconf 85' lang='lat' dir='ltr'>concu-</span> 
     </span>
     <span class='ocr_line' id='line_1_17' title="bbox 126 1515 713 1587; baseline -0.005 -17"><span class='ocrx_word' id='word_1_91' title='bbox 126 1519 265 1587; x_wconf 85' lang='lat' dir='ltr'>piscentia</span> <span class='ocrx_word' id='word_1_92' title='bbox 279 1518 382 1583; x_wconf 82' lang='lat' dir='ltr'>curnis,</span> <span class='ocrx_word' id='word_1_93' title='bbox 404 1518 430 1569; x_wconf 89' lang='lat' dir='ltr'>et</span> <span class='ocrx_word' id='word_1_94' title='bbox 447 1531 480 1569; x_wconf 88' lang='lat' dir='ltr'>ex</span> <span class='ocrx_word' id='word_1_95' title='bbox 494 1515 713 1584; x_wconf 82' lang='lat' dir='ltr'>concupiscentie</span> 
     </span>
     <span class='ocr_line' id='line_1_18' title="bbox 128 1586 712 1655; baseline -0.007 -12"><span class='ocrx_word' id='word_1_96' title='bbox 128 1589 278 1650; x_wconf 86' lang='lat' dir='ltr'>oculorum,</span> <span class='ocrx_word' id='word_1_97' title='bbox 294 1593 320 1642; x_wconf 89' lang='lat' dir='ltr'>et</span> <span class='ocrx_word' id='word_1_98' title='bbox 337 1602 370 1641; x_wconf 86' lang='lat' dir='ltr'>ex</span> <span class='ocrx_word' id='word_1_99' title='bbox 388 1586 519 1655; x_wconf 79' lang='lat' dir='ltr'>superbia</span> <span class='ocrx_word' id='word_1_100' title='bbox 541 1587 615 1640; x_wconf 79' lang='lat' dir='ltr'>nita.</span> <span class='ocrx_word' id='word_1_101' title='bbox 636 1586 712 1640; x_wconf 73' lang='lat' dir='ltr'>Prae·</span> 
     </span>
     <span class='ocr_line' id='line_1_19' title="bbox 128 1654 714 1727; baseline -0.007 -12"><span class='ocrx_word' id='word_1_102' title='bbox 128 1658 203 1715; x_wconf 90' lang='lat' dir='ltr'>dicta</span> <span class='ocrx_word' id='word_1_103' title='bbox 219 1674 285 1715; x_wconf 85' lang='lat' dir='ltr'>vero</span> <span class='ocrx_word' id='word_1_104' title='bbox 306 1656 361 1713; x_wconf 90' lang='lat' dir='ltr'>tria</span> <span class='ocrx_word' id='word_1_105' title='bbox 380 1654 499 1713; x_wconf 90' lang='lat' dir='ltr'>consilia</span> <span class='ocrx_word' id='word_1_106' title='bbox 511 1671 564 1711; x_wconf 83' lang='lat' dir='ltr'>nos</span> <span class='ocrx_word' id='word_1_107' title='bbox 579 1657 714 1727; x_wconf 89' lang='lat' dir='ltr'>elongant</span> 
     </span>
     <span class='ocr_line' id='line_1_20' title="bbox 126 1726 713 1802; baseline -0.007 -16"><span class='ocrx_word' id='word_1_108' title='bbox 126 1728 251 1802; x_wconf 87' lang='lat' dir='ltr'>perfecte</span> <span class='ocrx_word' id='word_1_109' title='bbox 265 1729 301 1785; x_wconf 91' lang='lat' dir='ltr'>ab</span> <span class='ocrx_word' id='word_1_110' title='bbox 319 1729 373 1785; x_wconf 89' lang='lat' dir='ltr'>hac</span> <span class='ocrx_word' id='word_1_111' title='bbox 389 1726 492 1799; x_wconf 89' lang='lat' dir='ltr'>triplici</span> <span class='ocrx_word' id='word_1_112' title='bbox 510 1726 618 1796; x_wconf 82' lang='lat' dir='ltr'>radice,</span> <span class='ocrx_word' id='word_1_113' title='bbox 632 1726 713 1783; x_wconf 91' lang='lat' dir='ltr'>scili-</span> 
     </span>
     <span class='ocr_line' id='line_1_21' title="bbox 127 1797 713 1873; baseline -0.002 -16"><span class='ocrx_word' id='word_1_114' title='bbox 127 1804 186 1857; x_wconf 89' lang='lat' dir='ltr'>cet:</span> <span class='ocrx_word' id='word_1_115' title='bbox 198 1804 390 1873; x_wconf 82' lang='lat' dir='ltr'>paupertas„a</span> <span class='ocrx_word' id='word_1_116' title='bbox 404 1797 634 1872; x_wconf 88' lang='lat' dir='ltr'>concupiscentia</span> <span class='ocrx_word' id='word_1_117' title='bbox 645 1815 713 1856; x_wconf 93' lang='lat' dir='ltr'>ocu·</span> 
     </span>
     <span class='ocr_line' id='line_1_22' title="bbox 126 1870 712 1943; baseline -0.003 -15"><span class='ocrx_word' id='word_1_118' title='bbox 126 1871 233 1941; x_wconf 88' lang='lat' dir='ltr'>lorum;</span> <span class='ocrx_word' id='word_1_119' title='bbox 247 1871 373 1942; x_wconf 84' lang='lat' dir='ltr'>castitas,</span> <span class='ocrx_word' id='word_1_120' title='bbox 383 1887 400 1928; x_wconf 93' lang='lat' dir='ltr'>a</span> <span class='ocrx_word' id='word_1_121' title='bbox 412 1870 641 1943; x_wconf 85' lang='lat' dir='ltr'>eoncupiscentia</span> <span class='ocrx_word' id='word_1_122' title='bbox 654 1887 712 1928; x_wconf 89' lang='lat' dir='ltr'>car-</span> 
     </span>
     <span class='ocr_line' id='line_1_23' title="bbox 126 1942 711 2016; baseline -0.003 -13"><span class='ocrx_word' id='word_1_123' title='bbox 126 1943 187 2013; x_wconf 89' lang='lat' dir='ltr'>nis;</span> <span class='ocrx_word' id='word_1_124' title='bbox 206 1950 235 2002; x_wconf 91' lang='lat' dir='ltr'>et</span> <span class='ocrx_word' id='word_1_125' title='bbox 253 1942 427 2013; x_wconf 86' lang='lat' dir='ltr'>obedientia,</span> <span class='ocrx_word' id='word_1_126' title='bbox 445 1960 462 2000; x_wconf 92' lang='lat' dir='ltr'>a</span> <span class='ocrx_word' id='word_1_127' title='bbox 483 1942 618 2016; x_wconf 89' lang='lat' dir='ltr'>superbia</span> <span class='ocrx_word' id='word_1_128' title='bbox 636 1942 711 2001; x_wconf 78' lang='lat' dir='ltr'>vitm.</span> 
     </span>
     <span class='ocr_line' id='line_1_24' title="bbox 126 2013 710 2086; baseline -0.003 -12"><span class='ocrx_word' id='word_1_129' title='bbox 126 2020 312 2086; x_wconf 88' lang='lat' dir='ltr'>-Quartum</span> <span class='ocrx_word' id='word_1_130' title='bbox 336 2014 486 2074; x_wconf 90' lang='lat' dir='ltr'>consilium</span> <span class='ocrx_word' id='word_1_131' title='bbox 505 2024 548 2073; x_wconf 89' lang='lat' dir='ltr'>est</span> <span class='ocrx_word' id='word_1_132' title='bbox 573 2013 710 2072; x_wconf 89' lang='lat' dir='ltr'>caritatis.</span> 
     </span>
     <span class='ocr_line' id='line_1_25' title="bbox 124 2088 712 2157; baseline -0.007 -10"><span class='ocrx_word' id='word_1_133' title='bbox 124 2090 205 2147; x_wconf 88' lang='lat' dir='ltr'>Unde</span> <span class='ocrx_word' id='word_1_134' title='bbox 222 2094 264 2146; x_wconf 81' lang='lat' dir='ltr'>est</span> <span class='ocrx_word' id='word_1_135' title='bbox 280 2088 373 2146; x_wconf 79' lang='lat' dir='ltr'>illud:</span> <span class='ocrx_word' id='word_1_136' title='bbox 388 2090 505 2157; x_wconf 80' lang='lat' dir='ltr'>Ditipite</span> <span class='ocrx_word' id='word_1_137' title='bbox 524 2090 651 2144; x_wconf 83' lang='lat' dir='ltr'>inimicos</span> <span class='ocrx_word' id='word_1_138' title='bbox 667 2104 712 2143; x_wconf 85' lang='lat' dir='ltr'>ce-</span> 
     </span>
     <span class='ocr_line' id='line_1_26' title="bbox 124 2157 712 2232; baseline -0.003 -15"><span class='ocrx_word' id='word_1_139' title='bbox 124 2166 206 2217; x_wconf 80' lang='lat' dir='ltr'>stros.</span> <span class='ocrx_word' id='word_1_140' title='bbox 222 2160 311 2229; x_wconf 86' lang='lat' dir='ltr'>Istud,</span> <span class='ocrx_word' id='word_1_141' title='bbox 326 2166 465 2232; x_wconf 89' lang='lat' dir='ltr'>quantum</span> <span class='ocrx_word' id='word_1_142' title='bbox 479 2158 515 2215; x_wconf 90' lang='lat' dir='ltr'>ad</span> <span class='ocrx_word' id='word_1_143' title='bbox 530 2157 712 2215; x_wconf 86' lang='lat' dir='ltr'>dilectionem</span> 
     </span>
     <span class='ocr_line' id='line_1_27' title="bbox 125 2230 713 2302; baseline -0.002 -15"><span class='ocrx_word' id='word_1_144' title='bbox 125 2232 253 2295; x_wconf 82' lang='lat' dir='ltr'>allectus,</span> <span class='ocrx_word' id='word_1_145' title='bbox 263 2234 304 2286; x_wconf 89' lang='lat' dir='ltr'>est</span> <span class='ocrx_word' id='word_1_146' title='bbox 313 2234 501 2302; x_wconf 70' lang='lat' dir='ltr'>praeceptum,</span> <span class='ocrx_word' id='word_1_147' title='bbox 515 2230 564 2285; x_wconf 93' lang='lat' dir='ltr'>sed</span> <span class='ocrx_word' id='word_1_148' title='bbox 575 2236 713 2301; x_wconf 86' lang='lat' dir='ltr'>quantum</span> 
     </span>
     <span class='ocr_line' id='line_1_28' title="bbox 124 2299 709 2366; baseline 0 -8"><span class='ocrx_word' id='word_1_149' title='bbox 124 2302 161 2359; x_wconf 92' lang='lat' dir='ltr'>ad</span> <span class='ocrx_word' id='word_1_150' title='bbox 169 2300 350 2358; x_wconf 87' lang='lat' dir='ltr'>dilectionem</span> <span class='ocrx_word' id='word_1_151' title='bbox 359 2301 486 2366; x_wconf 76' lang='lat' dir='ltr'>effectae,</span> <span class='ocrx_word' id='word_1_152' title='bbox 494 2306 538 2356; x_wconf 90' lang='lat' dir='ltr'>est</span> <span class='ocrx_word' id='word_1_153' title='bbox 546 2299 709 2358; x_wconf 85' lang='lat' dir='ltr'>consilium:</span> 
     </span>
     <span class='ocr_line' id='line_1_29' title="bbox 124 2369 712 2446; baseline 0 -17"><span class='ocrx_word' id='word_1_154' title='bbox 124 2371 192 2446; x_wconf 86' lang='lat' dir='ltr'>quia</span> <span class='ocrx_word' id='word_1_155' title='bbox 201 2370 317 2428; x_wconf 89' lang='lat' dir='ltr'>inimico</span> <span class='ocrx_word' id='word_1_156' title='bbox 328 2372 400 2428; x_wconf 85' lang='lat' dir='ltr'>velle</span> <span class='ocrx_word' id='word_1_157' title='bbox 410 2369 533 2442; x_wconf 87' lang='lat' dir='ltr'>gratiam</span> <span class='ocrx_word' id='word_1_158' title='bbox 548 2377 576 2428; x_wconf 88' lang='lat' dir='ltr'>et</span> <span class='ocrx_word' id='word_1_159' title='bbox 590 2370 712 2443; x_wconf 82' lang='lat' dir='ltr'>gloriam</span> 
     </span>
     <span class='ocr_line' id='line_1_30' title="bbox 127 2440 713 2570; baseline -0.005 -69"><span class='ocrx_word' id='word_1_160' title='bbox 127 2449 171 2501; x_wconf 90' lang='lat' dir='ltr'>est</span> <span class='ocrx_word' id='word_1_161' title='bbox 184 2441 377 2512; x_wconf 83' lang='lat' dir='ltr'>necessitatis3</span> <span class='ocrx_word' id='word_1_162' title='bbox 389 2442 439 2499; x_wconf 91' lang='lat' dir='ltr'>sed</span> <span class='ocrx_word' id='word_1_163' title='bbox 448 2440 615 2570; x_wconf 71' lang='lat' dir='ltr'>impendere</span> <span class='ocrx_word' id='word_1_164' title='bbox 625 2458 713 2526; x_wconf 88' lang='lat' dir='ltr'>opera</span> 
     </span>
     <span class='ocr_line' id='line_1_31' title="bbox 126 2513 713 2587; baseline -0.003 -14"><span class='ocrx_word' id='word_1_165' title='bbox 126 2513 322 2573; x_wconf 70' lang='lat' dir='ltr'>beneficentiae</span> <span class='ocrx_word' id='word_1_166' title='bbox 345 2521 373 2571; x_wconf 93' lang='lat' dir='ltr'>et</span> <span class='ocrx_word' id='word_1_167' title='bbox 398 2519 478 2571; x_wconf 86' lang='lat' dir='ltr'>osten</span> <span class='ocrx_word' id='word_1_168' title='bbox 500 2531 548 2571; x_wconf 91' lang='lat' dir='ltr'>ere</span> <span class='ocrx_word' id='word_1_169' title='bbox 571 2513 611 2570; x_wconf 90' lang='lat' dir='ltr'>illi</span> <span class='ocrx_word' id='word_1_170' title='bbox 631 2531 713 2587; x_wconf 81' lang='lat' dir='ltr'>signa</span> 
     </span>
     <span class='ocr_line' id='line_1_32' title="bbox 124 2584 712 2657; baseline -0.005 -12"><span class='ocrx_word' id='word_1_171' title='bbox 124 2585 329 2645; x_wconf 76' lang='lat' dir='ltr'>benevolentiae</span> <span class='ocrx_word' id='word_1_172' title='bbox 345 2592 390 2643; x_wconf 91' lang='lat' dir='ltr'>est</span> <span class='ocrx_word' id='word_1_173' title='bbox 411 2584 521 2642; x_wconf 89' lang='lat' dir='ltr'>consilii</span> <span class='ocrx_word' id='word_1_174' title='bbox 541 2590 569 2642; x_wconf 88' lang='lat' dir='ltr'>et</span> <span class='ocrx_word' id='word_1_175' title='bbox 581 2585 712 2657; x_wconf 89' lang='lat' dir='ltr'>perfecti-</span> 
     </span>
     <span class='ocr_line' id='line_1_33' title="bbox 126 2656 711 2730; baseline -0.003 -15"><span class='ocrx_word' id='word_1_176' title='bbox 126 2658 199 2715; x_wconf 88' lang='lat' dir='ltr'>onis.</span> <span class='ocrx_word' id='word_1_177' title='bbox 216 2659 290 2715; x_wconf 89' lang='lat' dir='ltr'>Sane</span> <span class='ocrx_word' id='word_1_178' title='bbox 307 2673 414 2730; x_wconf 90' lang='lat' dir='ltr'>negare</span> <span class='ocrx_word' id='word_1_179' title='bbox 433 2656 458 2713; x_wconf 91' lang='lat' dir='ltr'>ei</span> <span class='ocrx_word' id='word_1_180' title='bbox 470 2659 550 2728; x_wconf 87' lang='lat' dir='ltr'>signa</span> <span class='ocrx_word' id='word_1_181' title='bbox 565 2657 711 2715; x_wconf 85' lang='lat' dir='ltr'>familiari·</span> 
     </span>
     <span class='ocr_line' id='line_1_34' title="bbox 122 2728 712 2801; baseline -0.003 -14"><span class='ocrx_word' id='word_1_182' title='bbox 122 2729 200 2798; x_wconf 87' lang='lat' dir='ltr'>tatis,</span> <span class='ocrx_word' id='word_1_183' title='bbox 221 2730 335 2801; x_wconf 88' lang='lat' dir='ltr'>quando</span> <span class='ocrx_word' id='word_1_184' title='bbox 363 2728 475 2786; x_wconf 84' lang='lat' dir='ltr'>veniam</span> <span class='ocrx_word' id='word_1_185' title='bbox 501 2728 582 2801; x_wconf 88' lang='lat' dir='ltr'>petit,</span> <span class='ocrx_word' id='word_1_186' title='bbox 606 2729 648 2785; x_wconf 85' lang='lat' dir='ltr'>vel</span> <span class='ocrx_word' id='word_1_187' title='bbox 675 2729 712 2785; x_wconf 91' lang='lat' dir='ltr'>ad</span> 
     </span>
     <span class='ocr_line' id='line_1_35' title="bbox 122 2799 712 2859; baseline -0.003 -1"><span class='ocrx_word' id='word_1_188' title='bbox 122 2799 347 2859; x_wconf 74' lang='lat' dir='ltr'>familiaritatem</span> <span class='ocrx_word' id='word_1_189' title='bbox 361 2817 418 2858; x_wconf 93' lang='lat' dir='ltr'>nnn</span> <span class='ocrx_word' id='word_1_190' title='bbox 434 2800 611 2858; x_wconf 87' lang='lat' dir='ltr'>simulatorie</span> <span class='ocrx_word' id='word_1_191' title='bbox 626 2817 656 2857; x_wconf 89' lang='lat' dir='ltr'>se</span> <span class='ocrx_word' id='word_1_192' title='bbox 669 2800 712 2856; x_wconf 93' lang='lat' dir='ltr'>in-</span> 
     </span>
     <span class='ocr_line' id='line_1_36' title="bbox 123 2872 711 2946; baseline -0.007 -15"><span class='ocrx_word' id='word_1_193' title='bbox 123 2872 208 2946; x_wconf 81' lang='lat' dir='ltr'>gerit,</span> <span class='ocrx_word' id='word_1_194' title='bbox 220 2872 264 2930; x_wconf 83' lang='lat' dir='ltr'>vel</span> <span class='ocrx_word' id='word_1_195' title='bbox 278 2873 391 2946; x_wconf 89' lang='lat' dir='ltr'>quando</span> <span class='ocrx_word' id='word_1_196' title='bbox 407 2873 562 2930; x_wconf 87' lang='lat' dir='ltr'>necessitas</span> <span class='ocrx_word' id='word_1_197' title='bbox 574 2872 711 2945; x_wconf 85' lang='lat' dir='ltr'>exposcit,</span> 
     </span>
     <span class='ocr_line' id='line_1_37' title="bbox 121 2944 712 3019; baseline -0.003 -17"><span class='ocrx_word' id='word_1_198' title='bbox 121 2945 247 3004; x_wconf 85' lang='lat' dir='ltr'>vindicta</span> <span class='ocrx_word' id='word_1_199' title='bbox 263 2951 317 3016; x_wconf 90' lang='lat' dir='ltr'>est,</span> <span class='ocrx_word' id='word_1_200' title='bbox 333 2944 402 3019; x_wconf 90' lang='lat' dir='ltr'>quia</span> <span class='ocrx_word' id='word_1_201' title='bbox 423 2949 492 3002; x_wconf 88' lang='lat' dir='ltr'>tnnc</span> <span class='ocrx_word' id='word_1_202' title='bbox 509 2944 584 3001; x_wconf 89' lang='lat' dir='ltr'>inter</span> <span class='ocrx_word' id='word_1_203' title='bbox 603 2944 712 3002; x_wconf 91' lang='lat' dir='ltr'>amicos</span> 
     </span>
     <span class='ocr_line' id='line_1_38' title="bbox 124 3015 712 3090; baseline -0.005 -14"><span class='ocrx_word' id='word_1_204' title='bbox 124 3024 169 3076; x_wconf 85' lang='lat' dir='ltr'>est</span> <span class='ocrx_word' id='word_1_205' title='bbox 189 3020 415 3090; x_wconf 89' lang='lat' dir='ltr'>compntandns;</span> <span class='ocrx_word' id='word_1_206' title='bbox 437 3016 488 3074; x_wconf 87' lang='lat' dir='ltr'>sod</span> <span class='ocrx_word' id='word_1_207' title='bbox 511 3019 585 3089; x_wconf 89' lang='lat' dir='ltr'>qnod</span> <span class='ocrx_word' id='word_1_208' title='bbox 608 3015 712 3089; x_wconf 85' lang='lat' dir='ltr'>aliquis</span> 
     </span>
     <span class='ocr_line' id='line_1_39' title="bbox 123 3088 711 3161; baseline -0.005 -14"><span class='ocrx_word' id='word_1_209' title='bbox 123 3091 199 3147; x_wconf 91' lang='lat' dir='ltr'>ultro</span> <span class='ocrx_word' id='word_1_210' title='bbox 215 3106 245 3147; x_wconf 86' lang='lat' dir='ltr'>se</span> <span class='ocrx_word' id='word_1_211' title='bbox 259 3090 296 3147; x_wconf 89' lang='lat' dir='ltr'>ad</span> <span class='ocrx_word' id='word_1_212' title='bbox 311 3088 533 3147; x_wconf 86' lang='lat' dir='ltr'>familiaritatem</span> <span class='ocrx_word' id='word_1_213' title='bbox 548 3089 610 3161; x_wconf 82' lang='lat' dir='ltr'>ejrrs</span> <span class='ocrx_word' id='word_1_214' title='bbox 629 3088 711 3160; x_wconf 86' lang='lat' dir='ltr'>inge·</span> 
     </span>
     <span class='ocr_line' id='line_1_40' title="bbox 123 3160 710 3234; baseline -0.003 -16"><span class='ocrx_word' id='word_1_215' title='bbox 123 3168 178 3231; x_wconf 88' lang='lat' dir='ltr'>rat,</span> <span class='ocrx_word' id='word_1_216' title='bbox 193 3163 247 3218; x_wconf 86' lang='lat' dir='ltr'>hoc</span> <span class='ocrx_word' id='word_1_217' title='bbox 261 3167 306 3218; x_wconf 89' lang='lat' dir='ltr'>est</span> <span class='ocrx_word' id='word_1_218' title='bbox 318 3160 511 3234; x_wconf 88' lang='lat' dir='ltr'>perfectionis.</span> <span class='ocrx_word' id='word_1_219' title='bbox 529 3192 559 3201; x_wconf 91' lang='lat'>-</span> <span class='ocrx_word' id='word_1_220' title='bbox 576 3162 710 3227; x_wconf 84' lang='lat' dir='ltr'>Quintum</span> 
     </span>
     <span class='ocr_line' id='line_1_41' title="bbox 124 3229 711 3289; baseline -0.002 0"><span class='ocrx_word' id='word_1_221' title='bbox 124 3232 275 3289; x_wconf 90' lang='lat' dir='ltr'>consilium</span> <span class='ocrx_word' id='word_1_222' title='bbox 302 3235 345 3289; x_wconf 88' lang='lat' dir='ltr'>est</span> <span class='ocrx_word' id='word_1_223' title='bbox 369 3229 607 3287; x_wconf 90' lang='lat' dir='ltr'>mansuetudinis.</span> <span class='ocrx_word' id='word_1_224' title='bbox 631 3232 711 3288; x_wconf 91' lang='lat' dir='ltr'>Unde</span> 
     </span>
     <span class='ocr_line' id='line_1_42' title="bbox 125 3302 712 3374; baseline -0.003 -14"><span class='ocrx_word' id='word_1_225' title='bbox 125 3302 197 3361; x_wconf 88' lang='lat' dir='ltr'>illud</span> <span class='ocrx_word' id='word_1_226' title='bbox 212 3306 264 3361; x_wconf 81' lang='lat' dir='ltr'>:si</span> <span class='ocrx_word' id='word_1_227' title='bbox 280 3306 343 3372; x_wconf 85' lang='lat' dir='ltr'>quis</span> <span class='ocrx_word' id='word_1_228' title='bbox 355 3308 381 3358; x_wconf 91' lang='lat' dir='ltr'>te</span> <span class='ocrx_word' id='word_1_229' title='bbox 393 3305 559 3374; x_wconf 78' lang='lat' dir='ltr'>percusserit</span> <span class='ocrx_word' id='word_1_230' title='bbox 573 3305 603 3357; x_wconf 84' lang='lat' dir='ltr'>in</span> <span class='ocrx_word' id='word_1_231' title='bbox 619 3303 712 3359; x_wconf 79' lang='lat' dir='ltr'>dente·</span> 
     </span>
     <span class='ocr_line' id='line_1_43' title="bbox 124 3373 709 3455; baseline -0.003 -24"><span class='ocrx_word' id='word_1_232' title='bbox 124 3392 185 3432; x_wconf 86' lang='lat' dir='ltr'>rum</span> <span class='ocrx_word' id='word_1_233' title='bbox 200 3375 357 3437; x_wconf 76' lang='lat' dir='ltr'>murittum,</span> <span class='ocrx_word' id='word_1_234' title='bbox 371 3373 463 3455; x_wconf 75' lang='lat' dir='ltr'>prate</span> <span class='ocrx_word' id='word_1_235' title='bbox 477 3374 523 3427; x_wconf 83' lang='lat' dir='ltr'>uu</span> <span class='ocrx_word' id='word_1_236' title='bbox 539 3379 565 3428; x_wconf 90' lang='lat' dir='ltr'>et</span> <span class='ocrx_word' id='word_1_237' title='bbox 584 3375 709 3444; x_wconf 76' lang='lat' dir='ltr'>ottuum,</span> 
     </span>
     <span class='ocr_line' id='line_1_44' title="bbox 123 3442 709 3517; baseline -0.005 -14"><span class='ocrx_word' id='word_1_238' title='bbox 123 3446 154 3503; x_wconf 92' lang='lat' dir='ltr'>id</span> <span class='ocrx_word' id='word_1_239' title='bbox 169 3450 211 3502; x_wconf 85' lang='lat' dir='ltr'>est</span> <span class='ocrx_word' id='word_1_240' title='bbox 222 3449 341 3517; x_wconf 87' lang='lat' dir='ltr'>paratus</span> <span class='ocrx_word' id='word_1_241' title='bbox 355 3459 395 3500; x_wconf 83' lang='lat' dir='ltr'>ers</span> <span class='ocrx_word' id='word_1_242' title='bbox 408 3452 437 3499; x_wconf 88' lang='lat' dir='ltr'>ct</span> <span class='ocrx_word' id='word_1_243' title='bbox 449 3442 535 3500; x_wconf 91' lang='lat' dir='ltr'>aliam</span> <span class='ocrx_word' id='word_1_244' title='bbox 547 3444 709 3516; x_wconf 86' lang='lat' dir='ltr'>percussio-</span> 
     </span>
     <span class='ocr_line' id='line_1_45' title="bbox 125 3514 712 3587; baseline -0.005 -12"><span class='ocrx_word' id='word_1_245' title='bbox 125 3533 191 3575; x_wconf 88' lang='lat' dir='ltr'>nem</span> <span class='ocrx_word' id='word_1_246' title='bbox 206 3514 348 3573; x_wconf 87' lang='lat' dir='ltr'>sustinerc</span> <span class='ocrx_word' id='word_1_247' title='bbox 361 3517 519 3587; x_wconf 65' lang='lat' dir='ltr'>patientem</span> <span class='ocrx_word' id='word_1_248' title='bbox 534 3519 564 3572; x_wconf 93' lang='lat' dir='ltr'>et</span> <span class='ocrx_word' id='word_1_249' title='bbox 578 3514 653 3572; x_wconf 89' lang='lat' dir='ltr'>istud</span> <span class='ocrx_word' id='word_1_250' title='bbox 668 3521 712 3572; x_wconf 85' lang='lat' dir='ltr'>cst</span> 
     </span>
     <span class='ocr_line' id='line_1_46' title="bbox 122 3586 711 3660; baseline -0.005 -13"><span class='ocrx_word' id='word_1_251' title='bbox 122 3586 575 3660; x_wconf 85' lang='lat' dir='ltr'>consilinmpatientiae,respectu</span> <span class='ocrx_word' id='word_1_252' title='bbox 585 3586 711 3644; x_wconf 69' lang='lat' dir='ltr'>laesionis</span> 
     </span>
     <span class='ocr_line' id='line_1_47' title="bbox 124 3658 711 3732; baseline -0.007 -14"><span class='ocrx_word' id='word_1_253' title='bbox 124 3675 287 3732; x_wconf 88' lang='lat' dir='ltr'>corporum.</span> <span class='ocrx_word' id='word_1_254' title='bbox 310 3661 343 3715; x_wconf 82' lang='lat' dir='ltr'>Et</span> <span class='ocrx_word' id='word_1_255' title='bbox 362 3658 454 3715; x_wconf 89' lang='lat' dir='ltr'>illud:</span> <span class='ocrx_word' id='word_1_256' title='bbox 471 3661 525 3727; x_wconf 82' lang='lat' dir='ltr'>(tui</span> <span class='ocrx_word' id='word_1_257' title='bbox 542 3661 604 3715; x_wconf 84' lang='lat' dir='ltr'>uult</span> <span class='ocrx_word' id='word_1_258' title='bbox 624 3664 711 3715; x_wconf 85' lang='lat' dir='ltr'>tecum</span> 
     </span>
     <span class='ocr_line' id='line_1_48' title="bbox 119 3731 709 3805; baseline -0.003 -16"><span class='ocrx_word' id='word_1_259' title='bbox 119 3733 229 3805; x_wconf 74' lang='lat' dir='ltr'>judicio</span> <span class='ocrx_word' id='word_1_260' title='bbox 246 3731 416 3799; x_wconf 84' lang='lat' dir='ltr'>contendere,</span> <span class='ocrx_word' id='word_1_261' title='bbox 430 3737 456 3787; x_wconf 90' lang='lat' dir='ltr'>et</span> <span class='ocrx_word' id='word_1_262' title='bbox 468 3735 590 3789; x_wconf 83' lang='lat' dir='ltr'>tunicum</span> <span class='ocrx_word' id='word_1_263' title='bbox 603 3733 709 3800; x_wconf 83' lang='lat' dir='ltr'>tollere,</span> 
     </span>
     <span class='ocr_line' id='line_1_49' title="bbox 123 3803 710 3876; baseline -0.005 -14"><span class='ocrx_word' id='word_1_264' title='bbox 123 3807 235 3864; x_wconf 84' lang='lat' dir='ltr'>dimitte</span> <span class='ocrx_word' id='word_1_265' title='bbox 249 3805 274 3859; x_wconf 84' lang='lat' dir='ltr'>ei</span> <span class='ocrx_word' id='word_1_266' title='bbox 289 3807 315 3859; x_wconf 89' lang='lat' dir='ltr'>et</span> <span class='ocrx_word' id='word_1_267' title='bbox 326 3804 457 3876; x_wconf 83' lang='lat' dir='ltr'>pultium.</span> <span class='ocrx_word' id='word_1_268' title='bbox 471 3808 500 3860; x_wconf 87' lang='lat' dir='ltr'>et</span> <span class='ocrx_word' id='word_1_269' title='bbox 515 3803 590 3861; x_wconf 88' lang='lat' dir='ltr'>istud</span> <span class='ocrx_word' id='word_1_270' title='bbox 607 3809 650 3860; x_wconf 87' lang='lat' dir='ltr'>est</span> <span class='ocrx_word' id='word_1_271' title='bbox 665 3819 710 3859; x_wconf 91' lang='lat' dir='ltr'>re·</span> 
     </span>
     <span class='ocr_line' id='line_1_50' title="bbox 122 3872 711 3937; baseline -0.008 -1"><span class='ocrx_word' id='word_1_272' title='bbox 122 3894 137 3937; x_wconf 82' lang='lat' dir='ltr'>s</span> <span class='ocrx_word' id='word_1_273' title='bbox 157 3882 220 3934; x_wconf 90' lang='lat' dir='ltr'>ectu</span> <span class='ocrx_word' id='word_1_274' title='bbox 235 3872 388 3933; x_wconf 87' lang='lat' dir='ltr'>ablationis</span> <span class='ocrx_word' id='word_1_275' title='bbox 398 3877 581 3933; x_wconf 87' lang='lat' dir='ltr'>rerum.Cum</span> <span class='ocrx_word' id='word_1_276' title='bbox 595 3880 711 3932; x_wconf 89' lang='lat' dir='ltr'>conten·</span> 
     </span>
     <span class='ocr_line' id='line_1_51' title="bbox 124 3946 710 4017; baseline -0.009 -10"><span class='ocrx_word' id='word_1_277' title='bbox 124 3955 203 4008; x_wconf 82' lang='lat' dir='ltr'>tione</span> <span class='ocrx_word' id='word_1_278' title='bbox 224 3952 252 4006; x_wconf 88' lang='lat' dir='ltr'>et</span> <span class='ocrx_word' id='word_1_279' title='bbox 267 3947 377 4014; x_wconf 87' lang='lat' dir='ltr'>fraude,</span> <span class='ocrx_word' id='word_1_280' title='bbox 391 3946 462 4003; x_wconf 93' lang='lat' dir='ltr'>nulli</span> <span class='ocrx_word' id='word_1_281' title='bbox 478 3947 543 4002; x_wconf 90' lang='lat' dir='ltr'>licet</span> <span class='ocrx_word' id='word_1_282' title='bbox 556 3964 609 4004; x_wconf 86' lang='lat' dir='ltr'>sna</span> <span class='ocrx_word' id='word_1_283' title='bbox 628 3962 710 4017; x_wconf 91' lang='lat' dir='ltr'>repe-</span> 
     </span>
     <span class='ocr_line' id='line_1_52' title="bbox 124 4017 709 4093; baseline -0.015 -12"><span class='ocrx_word' id='word_1_284' title='bbox 124 4028 185 4081; x_wconf 91' lang='lat' dir='ltr'>tere</span> <span class='ocrx_word' id='word_1_285' title='bbox 201 4038 209 4093; x_wconf 89' lang='lat'><strong>;</strong></span> <span class='ocrx_word' id='word_1_286' title='bbox 223 4036 288 4078; x_wconf 92' lang='lat' dir='ltr'>cnm</span> <span class='ocrx_word' id='word_1_287' title='bbox 301 4018 419 4076; x_wconf 88' lang='lat' dir='ltr'>caritate</span> <span class='ocrx_word' id='word_1_288' title='bbox 442 4017 508 4074; x_wconf 86' lang='lat' dir='ltr'>licet</span> <span class='ocrx_word' id='word_1_289' title='bbox 527 4017 709 4089; x_wconf 77' lang='lat' dir='ltr'>imperfectis,</span> 
     </span>
     <span class='ocr_line' id='line_1_53' title="bbox 122 4089 709 4168; baseline -0.015 -16"><span class='ocrx_word' id='word_1_290' title='bbox 122 4092 255 4168; x_wconf 87' lang='lat' dir='ltr'>perlectis</span> <span class='ocrx_word' id='word_1_291' title='bbox 271 4098 365 4149; x_wconf 88' lang='lat' dir='ltr'>autem</span> <span class='ocrx_word' id='word_1_292' title='bbox 382 4106 452 4147; x_wconf 92' lang='lat' dir='ltr'>non:</span> <span class='ocrx_word' id='word_1_293' title='bbox 470 4089 609 4161; x_wconf 84' lang='lat' dir='ltr'>quianon</span> <span class='ocrx_word' id='word_1_294' title='bbox 628 4105 709 4161; x_wconf 87' lang='lat' dir='ltr'>repc·</span> 
     </span>
     <span class='ocr_line' id='line_1_54' title="bbox 125 4160 711 4233; baseline -0.014 -10"><span class='ocrx_word' id='word_1_295' title='bbox 125 4172 186 4223; x_wconf 89' lang='lat' dir='ltr'>tere</span> <span class='ocrx_word' id='word_1_296' title='bbox 201 4171 244 4222; x_wconf 84' lang='lat' dir='ltr'>est</span> <span class='ocrx_word' id='word_1_297' title='bbox 261 4163 382 4221; x_wconf 85' lang='lat' dir='ltr'>inllrmis</span> <span class='ocrx_word' id='word_1_298' title='bbox 398 4161 558 4228; x_wconf 86' lang='lat' dir='ltr'>consitium,</span> <span class='ocrx_word' id='word_1_299' title='bbox 580 4160 711 4233; x_wconf 81' lang='lat' dir='ltr'>perlectis</span> 
     </span>
     <span class='ocr_line' id='line_1_55' title="bbox 125 4231 709 4314; baseline -0.012 -20"><span class='ocrx_word' id='word_1_300' title='bbox 125 4254 192 4294; x_wconf 82' lang='lat' dir='ltr'>vcro</span> <span class='ocrx_word' id='word_1_301' title='bbox 207 4241 390 4310; x_wconf 83' lang='lat' dir='ltr'>praeceptnm.</span> <span class='ocrx_word' id='word_1_302' title='bbox 407 4233 465 4291; x_wconf 89' lang='lat' dir='ltr'>lllis</span> <span class='ocrx_word' id='word_1_303' title='bbox 480 4238 575 4290; x_wconf 88' lang='lat' dir='ltr'>autem</span> <span class='ocrx_word' id='word_1_304' title='bbox 596 4231 643 4304; x_wconf 88' lang='lat' dir='ltr'>qni</span> <span class='ocrx_word' id='word_1_305' title='bbox 657 4248 709 4314; x_wconf 86' lang='lat' dir='ltr'>¹re·</span> 
     </span>
     <span class='ocr_line' id='line_1_56' title="bbox 123 4303 711 4380; baseline -0.012 -15"><span class='ocrx_word' id='word_1_306' title='bbox 123 4307 330 4365; x_wconf 79' lang='lat' dir='ltr'>nuntiaverunt</span> <span class='ocrx_word' id='word_1_307' title='bbox 350 4304 532 4380; x_wconf 86' lang='lat' dir='ltr'>proprietati,</span> <span class='ocrx_word' id='word_1_308' title='bbox 558 4320 618 4362; x_wconf 89' lang='lat' dir='ltr'>non</span> <span class='ocrx_word' id='word_1_309' title='bbox 645 4303 711 4359; x_wconf 81' lang='lat' dir='ltr'>licet</span> 
     </span>
    </p>
   </div>
   <div class='ocr_carea' id='block_1_3' title="bbox 771 437 1388 4376">
    <p class='ocr_par' dir='ltr' id='par_1_4' title="bbox 774 437 1365 1152">
     <span class='ocr_line' id='line_1_57' title="bbox 776 437 1362 522; baseline 0.005 -26"><span class='ocrx_word' id='word_1_310' title='bbox 776 445 904 512; x_wconf 82' lang='lat' dir='ltr'>repetere</span> <span class='ocrx_word' id='word_1_311' title='bbox 924 454 985 506; x_wconf 89' lang='lat' dir='ltr'>sna,</span> <span class='ocrx_word' id='word_1_312' title='bbox 1000 437 1050 493; x_wconf 92' lang='lat' dir='ltr'>sed</span> <span class='ocrx_word' id='word_1_313' title='bbox 1071 443 1104 494; x_wconf 93' lang='lat' dir='ltr'>ut</span> <span class='ocrx_word' id='word_1_314' title='bbox 1122 441 1362 522; x_wconf 74' lang='lat' dir='ltr'>congregationis</span> 
     </span>
     <span class='ocr_line' id='line_1_58' title="bbox 779 508 1363 586; baseline 0.005 -19"><span class='ocrx_word' id='word_1_315' title='bbox 779 543 807 552; x_wconf 92' lang='lat'>-</span> <span class='ocrx_word' id='word_1_316' title='bbox 823 513 937 568; x_wconf 87' lang='lat' dir='ltr'>Sextum</span> <span class='ocrx_word' id='word_1_317' title='bbox 949 514 992 567; x_wconf 90' lang='lat' dir='ltr'>est</span> <span class='ocrx_word' id='word_1_318' title='bbox 1006 508 1220 568; x_wconf 79' lang='lat' dir='ltr'>misericordiae</span> <span class='ocrx_word' id='word_1_319' title='bbox 1233 519 1263 569; x_wconf 92' lang='lat' dir='ltr'>et</span> <span class='ocrx_word' id='word_1_320' title='bbox 1276 530 1363 586; x_wconf 83' lang='lat' dir='ltr'>eroga-</span> 
     </span>
     <span class='ocr_line' id='line_1_59' title="bbox 774 580 1363 657; baseline 0.005 -18"><span class='ocrx_word' id='word_1_321' title='bbox 774 582 870 640; x_wconf 88' lang='lat' dir='ltr'>tionis.</span> <span class='ocrx_word' id='word_1_322' title='bbox 888 582 967 639; x_wconf 91' lang='lat' dir='ltr'>Unde</span> <span class='ocrx_word' id='word_1_323' title='bbox 989 586 1033 638; x_wconf 91' lang='lat' dir='ltr'>est</span> <span class='ocrx_word' id='word_1_324' title='bbox 1051 580 1121 637; x_wconf 90' lang='lat' dir='ltr'>illud</span> <span class='ocrx_word' id='word_1_325' title='bbox 1140 599 1147 639; x_wconf 91' lang='lat'>:</span> <span class='ocrx_word' id='word_1_326' title='bbox 1168 584 1363 657; x_wconf 64' lang='lat' dir='ltr'>omnipotenti·</span> 
     </span>
     <span class='ocr_line' id='line_1_60' title="bbox 776 655 1364 730; baseline 0.007 -20"><span class='ocrx_word' id='word_1_327' title='bbox 776 660 802 710; x_wconf 89' lang='lat' dir='ltr'>te</span> <span class='ocrx_word' id='word_1_328' title='bbox 814 655 913 719; x_wconf 79' lang='lat' dir='ltr'>tritae,</span> <span class='ocrx_word' id='word_1_329' title='bbox 922 669 979 709; x_wconf 94' lang='lat' dir='ltr'>non</span> <span class='ocrx_word' id='word_1_330' title='bbox 993 658 1110 724; x_wconf 86' lang='lat' dir='ltr'>propter</span> <span class='ocrx_word' id='word_1_331' title='bbox 1124 669 1171 722; x_wconf 88' lang='lat' dir='ltr'>se,</span> <span class='ocrx_word' id='word_1_332' title='bbox 1187 656 1241 712; x_wconf 91' lang='lat' dir='ltr'>sed</span> <span class='ocrx_word' id='word_1_333' title='bbox 1256 663 1364 730; x_wconf 87' lang='lat' dir='ltr'>propter</span> 
     </span>
     <span class='ocr_line' id='line_1_61' title="bbox 776 723 1363 855; baseline 0.005 -73"><span class='ocrx_word' id='word_1_334' title='bbox 776 726 882 783; x_wconf 90' lang='lat' dir='ltr'>bonum</span> <span class='ocrx_word' id='word_1_335' title='bbox 892 740 1055 781; x_wconf 88' lang='lat' dir='ltr'>commune.</span> <span class='ocrx_word' id='word_1_336' title='bbox 1066 726 1101 780; x_wconf 88' lang='lat' dir='ltr'>Et</span> <span class='ocrx_word' id='word_1_337' title='bbox 1109 723 1201 783; x_wconf 91' lang='lat' dir='ltr'>illud:</span> <span class='ocrx_word' id='word_1_338' title='bbox 1213 729 1249 785; x_wconf 86' lang='lat' dir='ltr'>Si</span> <span class='ocrx_word' id='word_1_339' title='bbox 1261 731 1363 855; x_wconf 57' lang='lat' dir='ltr'>uispg·</span> 
     </span>
     <span class='ocr_line' id='line_1_62' title="bbox 774 796 1363 870; baseline 0.005 -18"><span class='ocrx_word' id='word_1_340' title='bbox 774 799 863 864; x_wconf 78' lang='lat' dir='ltr'>sectus</span> <span class='ocrx_word' id='word_1_341' title='bbox 875 812 942 864; x_wconf 87' lang='lat' dir='ltr'>esse,</span> <span class='ocrx_word' id='word_1_342' title='bbox 961 796 1047 852; x_wconf 84' lang='lat' dir='ltr'>vende</span> <span class='ocrx_word' id='word_1_343' title='bbox 1066 810 1256 869; x_wconf 73' lang='lat' dir='ltr'>quecumque</span> <span class='ocrx_word' id='word_1_344' title='bbox 1280 801 1315 855; x_wconf 77' lang='lat' dir='ltr'>hu</span> <span class='ocrx_word' id='word_1_345' title='bbox 1356 846 1363 870; x_wconf 90' lang='lat'>,</span> 
     </span>
     <span class='ocr_line' id='line_1_63' title="bbox 775 869 1364 943; baseline 0.008 -19"><span class='ocrx_word' id='word_1_346' title='bbox 775 874 800 924; x_wconf 89' lang='lat' dir='ltr'>et</span> <span class='ocrx_word' id='word_1_347' title='bbox 826 869 864 924; x_wconf 85' lang='lat' dir='ltr'>du</span> <span class='ocrx_word' id='word_1_348' title='bbox 885 869 1067 941; x_wconf 81' lang='lat' dir='ltr'>pauperibus.</span> <span class='ocrx_word' id='word_1_349' title='bbox 1086 869 1163 926; x_wconf 87' lang='lat' dir='ltr'>Dare</span> <span class='ocrx_word' id='word_1_350' title='bbox 1192 873 1364 943; x_wconf 85' lang='lat' dir='ltr'>superfluum</span> 
     </span>
     <span class='ocr_line' id='line_1_64' title="bbox 774 937 1364 999; baseline 0.007 -4"><span class='ocrx_word' id='word_1_351' title='bbox 774 939 804 996; x_wconf 92' lang='lat' dir='ltr'>in</span> <span class='ocrx_word' id='word_1_352' title='bbox 814 945 940 997; x_wconf 88' lang='lat' dir='ltr'>extrema</span> <span class='ocrx_word' id='word_1_353' title='bbox 949 937 1116 998; x_wconf 87' lang='lat' dir='ltr'>necessitate</span> <span class='ocrx_word' id='word_1_354' title='bbox 1127 945 1177 996; x_wconf 87' lang='lat' dir='ltr'>est</span> <span class='ocrx_word' id='word_1_355' title='bbox 1187 943 1364 999; x_wconf 81' lang='lat' dir='ltr'>necessitatis</span> 
     </span>
     <span class='ocr_line' id='line_1_65' title="bbox 774 1010 1365 1087; baseline 0.007 -20"><span class='ocrx_word' id='word_1_356' title='bbox 774 1016 804 1068; x_wconf 92' lang='lat' dir='ltr'>et</span> <span class='ocrx_word' id='word_1_357' title='bbox 825 1010 933 1080; x_wconf 83' lang='lat' dir='ltr'>debiti;</span> <span class='ocrx_word' id='word_1_358' title='bbox 954 1013 1003 1069; x_wconf 90' lang='lat' dir='ltr'>sed</span> <span class='ocrx_word' id='word_1_359' title='bbox 1025 1011 1095 1068; x_wconf 88' lang='lat' dir='ltr'>dare</span> <span class='ocrx_word' id='word_1_360' title='bbox 1112 1027 1162 1082; x_wconf 89' lang='lat' dir='ltr'>ea,</span> <span class='ocrx_word' id='word_1_361' title='bbox 1176 1012 1290 1086; x_wconf 83' lang='lat' dir='ltr'>quinus</span> <span class='ocrx_word' id='word_1_362' title='bbox 1311 1031 1365 1087; x_wconf 74' lang='lat' dir='ltr'>cge-</span> 
     </span>
     <span class='ocr_line' id='line_1_66' title="bbox 775 1081 1042 1152; baseline 0.007 -13"><span class='ocrx_word' id='word_1_363' title='bbox 775 1099 849 1152; x_wconf 90' lang='lat' dir='ltr'>mus,</span> <span class='ocrx_word' id='word_1_364' title='bbox 864 1087 908 1139; x_wconf 77' lang='lat' dir='ltr'>est</span> <span class='ocrx_word' id='word_1_365' title='bbox 921 1081 1042 1141; x_wconf 91' lang='lat' dir='ltr'>consilii.</span> 
     </span>
    </p>

    <p class='ocr_par' dir='ltr' id='par_1_5' title="bbox 771 1156 1388 4376">
     <span class='ocr_line' id='line_1_67' title="bbox 810 1156 1361 1217; baseline 0.009 -7"><span class='ocrx_word' id='word_1_366' title='bbox 810 1159 826 1210; x_wconf 78' lang='lat'>5</span> <span class='ocrx_word' id='word_1_367' title='bbox 845 1156 898 1211; x_wconf 82' lang='lat' dir='ltr'>Sex</span> <span class='ocrx_word' id='word_1_368' title='bbox 913 1173 1012 1213; x_wconf 72' lang='lat' dir='ltr'>norrun</span> <span class='ocrx_word' id='word_1_369' title='bbox 1031 1172 1156 1213; x_wconf 77' lang='lat' dir='ltr'>coresium</span> <span class='ocrx_word' id='word_1_370' title='bbox 1177 1159 1361 1217; x_wconf 68' lang='lat' dir='ltr'>Evandrum.</span> 
     </span>
     <span class='ocr_line' id='line_1_68' title="bbox 777 1226 1363 1304; baseline 0.01 -22"><span class='ocrx_word' id='word_1_371' title='bbox 777 1226 970 1298; x_wconf 87' lang='lat' dir='ltr'>-Septimum</span> <span class='ocrx_word' id='word_1_372' title='bbox 982 1226 1132 1285; x_wconf 90' lang='lat' dir='ltr'>consilium</span> <span class='ocrx_word' id='word_1_373' title='bbox 1143 1234 1190 1285; x_wconf 82' lang='lat' dir='ltr'>est</span> <span class='ocrx_word' id='word_1_374' title='bbox 1203 1231 1244 1287; x_wconf 90' lang='lat' dir='ltr'>de</span> <span class='ocrx_word' id='word_1_375' title='bbox 1260 1231 1363 1304; x_wconf 83' lang='lat' dir='ltr'>simpli·</span> 
     </span>
     <span class='ocr_line' id='line_1_69' title="bbox 775 1297 1364 1360; baseline 0.01 -6"><span class='ocrx_word' id='word_1_376' title='bbox 775 1297 860 1354; x_wconf 87' lang='lat' dir='ltr'>citate</span> <span class='ocrx_word' id='word_1_377' title='bbox 874 1300 1036 1355; x_wconf 89' lang='lat' dir='ltr'>verborum.</span> <span class='ocrx_word' id='word_1_378' title='bbox 1054 1300 1134 1356; x_wconf 87' lang='lat' dir='ltr'>Unde</span> <span class='ocrx_word' id='word_1_379' title='bbox 1153 1305 1199 1357; x_wconf 85' lang='lat' dir='ltr'>est</span> <span class='ocrx_word' id='word_1_380' title='bbox 1215 1301 1291 1360; x_wconf 91' lang='lat' dir='ltr'>illud</span> <span class='ocrx_word' id='word_1_381' title='bbox 1306 1321 1313 1359; x_wconf 91' lang='lat'>:</span> <span class='ocrx_word' id='word_1_382' title='bbox 1327 1306 1364 1360; x_wconf 83' lang='lat' dir='ltr'>Sit</span> 
     </span>
     <span class='ocr_line' id='line_1_70' title="bbox 774 1374 1363 1444; baseline 0.014 -20"><span class='ocrx_word' id='word_1_383' title='bbox 774 1376 973 1426; x_wconf 73' lang='lat' dir='ltr'>aennocecter:</span> <span class='ocrx_word' id='word_1_384' title='bbox 987 1375 1035 1428; x_wconf 80' lang='lat' dir='ltr'>est.</span> <span class='ocrx_word' id='word_1_385' title='bbox 1044 1377 1099 1439; x_wconf 69' lang='lat' dir='ltr'>ean</span> <span class='ocrx_word' id='word_1_386' title='bbox 1118 1389 1266 1444; x_wconf 66' lang='lat' dir='ltr'>nomnen,</span> <span class='ocrx_word' id='word_1_387' title='bbox 1278 1374 1363 1441; x_wconf 80' lang='lat' dir='ltr'>idest,</span> 
     </span>
     <span class='ocr_line' id='line_1_71' title="bbox 775 1440 1364 1513; baseline 0.008 -17"><span class='ocrx_word' id='word_1_388' title='bbox 775 1440 797 1497; x_wconf 91' lang='lat' dir='ltr'>si</span> <span class='ocrx_word' id='word_1_389' title='bbox 807 1441 960 1499; x_wconf 79' lang='lat' dir='ltr'>affirmatio</span> <span class='ocrx_word' id='word_1_390' title='bbox 969 1440 1012 1498; x_wconf 83' lang='lat' dir='ltr'>rel</span> <span class='ocrx_word' id='word_1_391' title='bbox 1027 1441 1143 1513; x_wconf 80' lang='lat' dir='ltr'>negatio</span> <span class='ocrx_word' id='word_1_392' title='bbox 1156 1444 1245 1502; x_wconf 78' lang='lat' dir='ltr'>estin</span> <span class='ocrx_word' id='word_1_393' title='bbox 1260 1462 1321 1511; x_wconf 83' lang='lat' dir='ltr'>ore.</span> <span class='ocrx_word' id='word_1_394' title='bbox 1333 1445 1364 1502; x_wconf 81' lang='lat' dir='ltr'>sit</span> 
     </span>
     <span class='ocr_line' id='line_1_72' title="bbox 774 1512 1364 1574; baseline 0.008 -5"><span class='ocrx_word' id='word_1_395' title='bbox 774 1513 859 1569; x_wconf 89' lang='lat' dir='ltr'>etiam</span> <span class='ocrx_word' id='word_1_396' title='bbox 885 1512 914 1570; x_wconf 95' lang='lat' dir='ltr'>in</span> <span class='ocrx_word' id='word_1_397' title='bbox 943 1513 1038 1572; x_wconf 90' lang='lat' dir='ltr'>corde.</span> <span class='ocrx_word' id='word_1_398' title='bbox 1057 1515 1091 1569; x_wconf 86' lang='lat' dir='ltr'>Et</span> <span class='ocrx_word' id='word_1_399' title='bbox 1117 1513 1218 1573; x_wconf 89' lang='lat' dir='ltr'>illud:</span> <span class='ocrx_word' id='word_1_400' title='bbox 1238 1518 1364 1574; x_wconf 71' lang='lat' dir='ltr'>Audistis</span> 
     </span>
     <span class='ocr_line' id='line_1_73' title="bbox 775 1586 1364 1711; baseline 0.01 -72"><span class='ocrx_word' id='word_1_401' title='bbox 775 1588 842 1711; x_wconf 60' lang='lat' dir='ltr'>puta</span> <span class='ocrx_word' id='word_1_402' title='bbox 852 1586 956 1641; x_wconf 83' lang='lat' dir='ltr'>dictum</span> <span class='ocrx_word' id='word_1_403' title='bbox 966 1590 1006 1642; x_wconf 80' lang='lat' dir='ltr'>cst</span> <span class='ocrx_word' id='word_1_404' title='bbox 1016 1589 1154 1658; x_wconf 80' lang='lat' dir='ltr'>antiquis:</span> <span class='ocrx_word' id='word_1_405' title='bbox 1165 1590 1231 1647; x_wconf 83' lang='lat' dir='ltr'>Non</span> <span class='ocrx_word' id='word_1_406' title='bbox 1241 1606 1364 1661; x_wconf 66' lang='lat' dir='ltr'>pergun-</span> 
     </span>
     <span class='ocr_line' id='line_1_74' title="bbox 793 1657 1366 1732; baseline 0.01 -20"><span class='ocrx_word' id='word_1_407' title='bbox 793 1660 827 1715; x_wconf 86' lang='lat' dir='ltr'>is.</span> <span class='ocrx_word' id='word_1_408' title='bbox 841 1660 900 1726; x_wconf 77' lang='lat' dir='ltr'>Ego</span> <span class='ocrx_word' id='word_1_409' title='bbox 913 1664 1005 1714; x_wconf 87' lang='lat' dir='ltr'>autem</span> <span class='ocrx_word' id='word_1_410' title='bbox 1018 1658 1079 1714; x_wconf 84' lang='lat' dir='ltr'>dico</span> <span class='ocrx_word' id='word_1_411' title='bbox 1094 1657 1190 1725; x_wconf 79' lang='lat' dir='ltr'>vobis,</span> <span class='ocrx_word' id='word_1_412' title='bbox 1202 1676 1264 1716; x_wconf 85' lang='lat' dir='ltr'>non</span> <span class='ocrx_word' id='word_1_413' title='bbox 1275 1662 1366 1732; x_wconf 70' lang='lat' dir='ltr'>imore</span> 
     </span>
     <span class='ocr_line' id='line_1_75' title="bbox 774 1730 1364 1802; baseline 0.01 -19"><span class='ocrx_word' id='word_1_414' title='bbox 774 1731 893 1785; x_wconf 85' lang='lat' dir='ltr'>omnino.</span> <span class='ocrx_word' id='word_1_415' title='bbox 909 1731 925 1785; x_wconf 85' lang='lat' dir='ltr'>J</span> <span class='ocrx_word' id='word_1_416' title='bbox 928 1744 1022 1799; x_wconf 84' lang='lat' dir='ltr'>unare,</span> <span class='ocrx_word' id='word_1_417' title='bbox 1036 1734 1178 1802; x_wconf 89' lang='lat' dir='ltr'>qnantum</span> <span class='ocrx_word' id='word_1_418' title='bbox 1193 1730 1235 1787; x_wconf 87' lang='lat' dir='ltr'>ad</span> <span class='ocrx_word' id='word_1_419' title='bbox 1249 1730 1364 1789; x_wconf 85' lang='lat' dir='ltr'>infirmi·</span> 
     </span>
     <span class='ocr_line' id='line_1_76' title="bbox 774 1800 1364 1873; baseline 0.007 -18"><span class='ocrx_word' id='word_1_420' title='bbox 774 1803 862 1856; x_wconf 90' lang='lat' dir='ltr'>tatem</span> <span class='ocrx_word' id='word_1_421' title='bbox 876 1800 1010 1872; x_wconf 89' lang='lat' dir='ltr'>pertinet,</span> <span class='ocrx_word' id='word_1_422' title='bbox 1021 1800 1222 1871; x_wconf 85' lang='lat' dir='ltr'>permissionis</span> <span class='ocrx_word' id='word_1_423' title='bbox 1239 1809 1300 1873; x_wconf 87' lang='lat' dir='ltr'>est;</span> <span class='ocrx_word' id='word_1_424' title='bbox 1313 1819 1364 1861; x_wconf 89' lang='lat' dir='ltr'>non</span> 
     </span>
     <span class='ocr_line' id='line_1_77' title="bbox 771 1870 1363 1946; baseline 0.007 -19"><span class='ocrx_word' id='word_1_425' title='bbox 771 1870 871 1943; x_wconf 89' lang='lat' dir='ltr'>jurare</span> <span class='ocrx_word' id='word_1_426' title='bbox 883 1877 990 1941; x_wconf 87' lang='lat' dir='ltr'>antem,</span> <span class='ocrx_word' id='word_1_427' title='bbox 1004 1875 1145 1944; x_wconf 89' lang='lat' dir='ltr'>quantum</span> <span class='ocrx_word' id='word_1_428' title='bbox 1162 1873 1200 1930; x_wconf 90' lang='lat' dir='ltr'>ad</span> <span class='ocrx_word' id='word_1_429' title='bbox 1218 1876 1363 1946; x_wconf 86' lang='lat' dir='ltr'>perfectio·</span> 
     </span>
     <span class='ocr_line' id='line_1_78' title="bbox 774 1942 1364 2014; baseline 0.007 -16"><span class='ocrx_word' id='word_1_430' title='bbox 774 1958 841 1998; x_wconf 89' lang='lat' dir='ltr'>nem</span> <span class='ocrx_word' id='word_1_431' title='bbox 855 1942 987 2014; x_wconf 91' lang='lat' dir='ltr'>pertinet,</span> <span class='ocrx_word' id='word_1_432' title='bbox 997 1942 1108 2001; x_wconf 87' lang='lat' dir='ltr'>consilii</span> <span class='ocrx_word' id='word_1_433' title='bbox 1120 1949 1177 2000; x_wconf 89' lang='lat' dir='ltr'>est.</span> <span class='ocrx_word' id='word_1_434' title='bbox 1187 1976 1224 1988; x_wconf 93' lang='lat'><em>-</em></span> <span class='ocrx_word' id='word_1_435' title='bbox 1233 1946 1364 2004; x_wconf 77' lang='lat' dir='ltr'>Octavum</span> 
     </span>
     <span class='ocr_line' id='line_1_79' title="bbox 775 2013 1362 2090; baseline 0.003 -20"><span class='ocrx_word' id='word_1_436' title='bbox 775 2018 817 2070; x_wconf 90' lang='lat' dir='ltr'>est</span> <span class='ocrx_word' id='word_1_437' title='bbox 840 2014 876 2071; x_wconf 89' lang='lat' dir='ltr'>de</span> <span class='ocrx_word' id='word_1_438' title='bbox 901 2013 1017 2072; x_wconf 85' lang='lat' dir='ltr'>vitanda</span> <span class='ocrx_word' id='word_1_439' title='bbox 1039 2017 1191 2074; x_wconf 88' lang='lat' dir='ltr'>occasione</span> <span class='ocrx_word' id='word_1_440' title='bbox 1218 2017 1362 2090; x_wconf 83' lang='lat' dir='ltr'>peccandi.</span> 
     </span>
     <span class='ocr_line' id='line_1_80' title="bbox 775 2085 1363 2148; baseline 0.014 -8"><span class='ocrx_word' id='word_1_441' title='bbox 775 2085 855 2141; x_wconf 90' lang='lat' dir='ltr'>Unde</span> <span class='ocrx_word' id='word_1_442' title='bbox 871 2091 915 2143; x_wconf 93' lang='lat' dir='ltr'>est</span> <span class='ocrx_word' id='word_1_443' title='bbox 933 2086 1002 2143; x_wconf 88' lang='lat' dir='ltr'>illud</span> <span class='ocrx_word' id='word_1_444' title='bbox 1019 2102 1026 2143; x_wconf 91' lang='lat'>:</span> <span class='ocrx_word' id='word_1_445' title='bbox 1043 2089 1076 2145; x_wconf 80' lang='lat' dir='ltr'>st</span> <span class='ocrx_word' id='word_1_446' title='bbox 1089 2088 1187 2144; x_wconf 78' lang='lat' dir='ltr'>ocutus</span> <span class='ocrx_word' id='word_1_447' title='bbox 1202 2095 1274 2146; x_wconf 82' lang='lat' dir='ltr'>tuus</span> <span class='ocrx_word' id='word_1_448' title='bbox 1288 2107 1363 2148; x_wconf 73' lang='lat' dir='ltr'>som·</span> 
     </span>
     <span class='ocr_line' id='line_1_81' title="bbox 774 2156 1363 2231; baseline 0.008 -19"><span class='ocrx_word' id='word_1_449' title='bbox 774 2156 882 2213; x_wconf 82' lang='lat' dir='ltr'>dutizut</span> <span class='ocrx_word' id='word_1_450' title='bbox 894 2163 929 2225; x_wconf 90' lang='lat' dir='ltr'>te,</span> <span class='ocrx_word' id='word_1_451' title='bbox 942 2174 1006 2213; x_wconf 82' lang='lat' dir='ltr'>erue</span> <span class='ocrx_word' id='word_1_452' title='bbox 1018 2174 1089 2217; x_wconf 87' lang='lat' dir='ltr'>eum.</span> <span class='ocrx_word' id='word_1_453' title='bbox 1105 2164 1132 2214; x_wconf 81' lang='lat' dir='ltr'>cf</span> <span class='ocrx_word' id='word_1_454' title='bbox 1144 2161 1260 2231; x_wconf 80' lang='lat' dir='ltr'>projice</span> <span class='ocrx_word' id='word_1_455' title='bbox 1274 2163 1322 2220; x_wconf 84' lang='lat' dir='ltr'>uls</span> <span class='ocrx_word' id='word_1_456' title='bbox 1332 2167 1363 2217; x_wconf 82' lang='lat' dir='ltr'>tc.</span> 
     </span>
     <span class='ocr_line' id='line_1_82' title="bbox 774 2229 1363 2302; baseline 0.008 -19"><span class='ocrx_word' id='word_1_457' title='bbox 774 2229 838 2297; x_wconf 89' lang='lat' dir='ltr'>Ubi,</span> <span class='ocrx_word' id='word_1_458' title='bbox 858 2229 1014 2286; x_wconf 90' lang='lat' dir='ltr'>secundum</span> <span class='ocrx_word' id='word_1_459' title='bbox 1037 2231 1246 2302; x_wconf 76' lang='lat' dir='ltr'>Augustinum,</span> <span class='ocrx_word' id='word_1_460' title='bbox 1261 2234 1363 2291; x_wconf 85' lang='lat' dir='ltr'>nullum</span> 
     </span>
     <span class='ocr_line' id='line_1_83' title="bbox 774 2301 1364 2377; baseline 0.008 -23"><span class='ocrx_word' id='word_1_461' title='bbox 774 2304 935 2358; x_wconf 87' lang='lat' dir='ltr'>membrum</span> <span class='ocrx_word' id='word_1_462' title='bbox 970 2301 1006 2357; x_wconf 88' lang='lat' dir='ltr'>ad</span> <span class='ocrx_word' id='word_1_463' title='bbox 1039 2301 1165 2359; x_wconf 78' lang='lat' dir='ltr'>litteram</span> <span class='ocrx_word' id='word_1_464' title='bbox 1200 2304 1364 2377; x_wconf 76' lang='lat' dir='ltr'>praecipitur</span> 
     </span>
     <span class='ocr_line' id='line_1_84' title="bbox 774 2371 1364 2449; baseline 0.007 -22"><span class='ocrx_word' id='word_1_465' title='bbox 774 2371 847 2441; x_wconf 89' lang='lat' dir='ltr'>erui,</span> <span class='ocrx_word' id='word_1_466' title='bbox 862 2372 912 2428; x_wconf 89' lang='lat' dir='ltr'>sed</span> <span class='ocrx_word' id='word_1_467' title='bbox 925 2371 1037 2429; x_wconf 89' lang='lat' dir='ltr'>occasio</span> <span class='ocrx_word' id='word_1_468' title='bbox 1051 2374 1206 2445; x_wconf 89' lang='lat' dir='ltr'>peccandi;</span> <span class='ocrx_word' id='word_1_469' title='bbox 1227 2376 1364 2449; x_wconf 84' lang='lat' dir='ltr'>quianon</span> 
     </span>
     <span class='ocr_line' id='line_1_85' title="bbox 774 2442 1364 2515; baseline 0.01 -17"><span class='ocrx_word' id='word_1_470' title='bbox 774 2442 865 2499; x_wconf 88' lang='lat' dir='ltr'>solum</span> <span class='ocrx_word' id='word_1_471' title='bbox 897 2449 1028 2515; x_wconf 89' lang='lat' dir='ltr'>peccata,</span> <span class='ocrx_word' id='word_1_472' title='bbox 1059 2444 1110 2501; x_wconf 89' lang='lat' dir='ltr'>sed</span> <span class='ocrx_word' id='word_1_473' title='bbox 1140 2450 1170 2501; x_wconf 90' lang='lat' dir='ltr'>ct</span> <span class='ocrx_word' id='word_1_474' title='bbox 1198 2448 1364 2505; x_wconf 82' lang='lat' dir='ltr'>occasiones</span> 
     </span>
     <span class='ocr_line' id='line_1_86' title="bbox 774 2514 1362 2588; baseline 0.012 -18"><span class='ocrx_word' id='word_1_475' title='bbox 774 2515 909 2586; x_wconf 86' lang='lat' dir='ltr'>peccandi</span> <span class='ocrx_word' id='word_1_476' title='bbox 932 2520 999 2571; x_wconf 87' lang='lat' dir='ltr'>sunt</span> <span class='ocrx_word' id='word_1_477' title='bbox 1017 2514 1172 2588; x_wconf 74' lang='lat' dir='ltr'>fugiendae.</span> <span class='ocrx_word' id='word_1_478' title='bbox 1194 2550 1233 2560; x_wconf 89' lang='lat'><em>-</em></span> <span class='ocrx_word' id='word_1_479' title='bbox 1256 2521 1362 2576; x_wconf 84' lang='lat' dir='ltr'>Nonum</span> 
     </span>
     <span class='ocr_line' id='line_1_87' title="bbox 774 2586 1363 2659; baseline 0.008 -18"><span class='ocrx_word' id='word_1_480' title='bbox 774 2591 817 2641; x_wconf 85' lang='lat' dir='ltr'>est</span> <span class='ocrx_word' id='word_1_481' title='bbox 832 2587 867 2643; x_wconf 88' lang='lat' dir='ltr'>de</span> <span class='ocrx_word' id='word_1_482' title='bbox 883 2586 1051 2643; x_wconf 87' lang='lat' dir='ltr'>rectitudine</span> <span class='ocrx_word' id='word_1_483' title='bbox 1064 2587 1249 2659; x_wconf 83' lang='lat' dir='ltr'>intentionis,</span> <span class='ocrx_word' id='word_1_484' title='bbox 1261 2595 1291 2648; x_wconf 86' lang='lat' dir='ltr'>et</span> <span class='ocrx_word' id='word_1_485' title='bbox 1304 2591 1363 2647; x_wconf 86' lang='lat' dir='ltr'>sim·</span> 
     </span>
     <span class='ocr_line' id='line_1_88' title="bbox 774 2656 1363 2799; baseline 0.012 -15"><span class='ocrx_word' id='word_1_486' title='bbox 774 2656 1024 2786; x_wconf 62' lang='lat' dir='ltr'>ttlltl‘nttnt</span> <span class='ocrx_word' id='word_1_487' title='bbox 1038 2658 1363 2799; x_wconf 63' lang='lat' dir='ltr'>ttllttndtttd</span> 
     </span>
     <span class='ocr_line' id='line_1_89' title="bbox 772 2802 1365 2871; baseline 0.007 -16"><span class='ocrx_word' id='word_1_488' title='bbox 772 2802 1365 2871; x_wconf 67' lang='lat' dir='ltr'>[ametistorumhominibus,utoidennriui</span> 
     </span>
     <span class='ocr_line' id='line_1_90' title="bbox 774 2872 1364 2935; baseline 0.014 -9"><span class='ocrx_word' id='word_1_489' title='bbox 774 2873 809 2927; x_wconf 84' lang='lat' dir='ltr'>ab</span> <span class='ocrx_word' id='word_1_490' title='bbox 822 2876 871 2929; x_wconf 83' lang='lat' dir='ltr'>eis.</span> <span class='ocrx_word' id='word_1_491' title='bbox 886 2874 919 2928; x_wconf 88' lang='lat' dir='ltr'>Et</span> <span class='ocrx_word' id='word_1_492' title='bbox 934 2872 1003 2929; x_wconf 90' lang='lat' dir='ltr'>illud</span> <span class='ocrx_word' id='word_1_493' title='bbox 1019 2890 1026 2929; x_wconf 91' lang='lat'><strong>:</strong></span> <span class='ocrx_word' id='word_1_494' title='bbox 1040 2875 1087 2930; x_wconf 86' lang='lat' dir='ltr'>Sic</span> <span class='ocrx_word' id='word_1_495' title='bbox 1102 2875 1195 2935; x_wconf 83' lang='lat' dir='ltr'>luceat</span> <span class='ocrx_word' id='word_1_496' title='bbox 1208 2877 1265 2933; x_wconf 76' lang='lat' dir='ltr'>lua</span> <span class='ocrx_word' id='word_1_497' title='bbox 1277 2882 1364 2933; x_wconf 73' lang='lat' dir='ltr'>neem</span> 
     </span>
     <span class='ocr_line' id='line_1_91' title="bbox 774 2946 1363 3020; baseline 0.003 -21"><span class='ocrx_word' id='word_1_498' title='bbox 774 2960 864 2999; x_wconf 88' lang='lat' dir='ltr'>corum</span> <span class='ocrx_word' id='word_1_499' title='bbox 892 2946 1068 3014; x_wconf 78' lang='lat' dir='ltr'>nominibus,</span> <span class='ocrx_word' id='word_1_500' title='bbox 1085 2950 1116 3001; x_wconf 89' lang='lat' dir='ltr'>ut</span> <span class='ocrx_word' id='word_1_501' title='bbox 1138 2947 1261 3004; x_wconf 82' lang='lat' dir='ltr'>uideant</span> <span class='ocrx_word' id='word_1_502' title='bbox 1286 2960 1363 3020; x_wconf 83' lang='lat' dir='ltr'>opero</span> 
     </span>
     <span class='ocr_line' id='line_1_92' title="bbox 773 3016 1363 3088; baseline 0.005 -18"><span class='ocrx_word' id='word_1_503' title='bbox 773 3022 865 3071; x_wconf 85' lang='lat' dir='ltr'>vestra</span> <span class='ocrx_word' id='word_1_504' title='bbox 882 3016 963 3085; x_wconf 79' lang='lat' dir='ltr'>bonu,</span> <span class='ocrx_word' id='word_1_505' title='bbox 977 3022 1003 3072; x_wconf 85' lang='lat' dir='ltr'>et</span> <span class='ocrx_word' id='word_1_506' title='bbox 1016 3019 1170 3088; x_wconf 70' lang='lat' dir='ltr'>glorificent</span> <span class='ocrx_word' id='word_1_507' title='bbox 1193 3021 1309 3076; x_wconf 86' lang='lat' dir='ltr'>Putrem</span> <span class='ocrx_word' id='word_1_508' title='bbox 1321 3032 1363 3073; x_wconf 80' lang='lat' dir='ltr'>ne·</span> 
     </span>
     <span class='ocr_line' id='line_1_93' title="bbox 772 3090 1388 3158; baseline 0.005 -16"><span class='ocrx_word' id='word_1_509' title='bbox 772 3091 871 3157; x_wconf 74' lang='lat' dir='ltr'>atrurn,</span> <span class='ocrx_word' id='word_1_510' title='bbox 893 3090 943 3158; x_wconf 81' lang='lat' dir='ltr'>qui</span> <span class='ocrx_word' id='word_1_511' title='bbox 960 3091 991 3143; x_wconf 84' lang='lat' dir='ltr'>tn</span> <span class='ocrx_word' id='word_1_512' title='bbox 1010 3090 1083 3144; x_wconf 81' lang='lat' dir='ltr'>cutis</span> <span class='ocrx_word' id='word_1_513' title='bbox 1098 3094 1148 3145; x_wconf 88' lang='lat' dir='ltr'>est.</span> <span class='ocrx_word' id='word_1_514' title='bbox 1166 3118 1203 3132; x_wconf 93' lang='lat'>-</span> <span class='ocrx_word' id='word_1_515' title='bbox 1219 3090 1388 3148; x_wconf 84' lang='lat' dir='ltr'>Decimum·</span> 
     </span>
     <span class='ocr_line' id='line_1_94' title="bbox 772 3158 1362 3230; baseline 0.005 -16"><span class='ocrx_word' id='word_1_516' title='bbox 772 3166 815 3214; x_wconf 86' lang='lat' dir='ltr'>est</span> <span class='ocrx_word' id='word_1_517' title='bbox 832 3160 866 3215; x_wconf 90' lang='lat' dir='ltr'>de</span> <span class='ocrx_word' id='word_1_518' title='bbox 882 3160 1080 3216; x_wconf 86' lang='lat' dir='ltr'>conformitate</span> <span class='ocrx_word' id='word_1_519' title='bbox 1096 3160 1194 3230; x_wconf 86' lang='lat' dir='ltr'>operis</span> <span class='ocrx_word' id='word_1_520' title='bbox 1214 3168 1246 3219; x_wconf 86' lang='lat' dir='ltr'>et</span> <span class='ocrx_word' id='word_1_521' title='bbox 1260 3158 1362 3220; x_wconf 85' lang='lat' dir='ltr'>doctri·</span> 
     </span>
     <span class='ocr_line' id='line_1_95' title="bbox 773 3230 1361 3301; baseline 0.009 -16"><span class='ocrx_word' id='word_1_522' title='bbox 773 3245 828 3289; x_wconf 84' lang='lat' dir='ltr'>nae.</span> <span class='ocrx_word' id='word_1_523' title='bbox 842 3230 923 3287; x_wconf 88' lang='lat' dir='ltr'>Unde</span> <span class='ocrx_word' id='word_1_524' title='bbox 934 3238 976 3288; x_wconf 85' lang='lat' dir='ltr'>est</span> <span class='ocrx_word' id='word_1_525' title='bbox 988 3230 1057 3287; x_wconf 92' lang='lat' dir='ltr'>illud</span> <span class='ocrx_word' id='word_1_526' title='bbox 1072 3254 1079 3288; x_wconf 90' lang='lat'>:</span> <span class='ocrx_word' id='word_1_527' title='bbox 1093 3232 1149 3299; x_wconf 80' lang='lat' dir='ltr'>Qui</span> <span class='ocrx_word' id='word_1_528' title='bbox 1161 3237 1258 3289; x_wconf 87' lang='lat' dir='ltr'>cutem</span> <span class='ocrx_word' id='word_1_529' title='bbox 1270 3232 1361 3301; x_wconf 76' lang='lat' dir='ltr'>fecerit</span> 
     </span>
     <span class='ocr_line' id='line_1_96' title="bbox 773 3302 1362 3373; baseline 0 -16"><span class='ocrx_word' id='word_1_530' title='bbox 773 3308 798 3359; x_wconf 87' lang='lat' dir='ltr'>et</span> <span class='ocrx_word' id='word_1_531' title='bbox 818 3302 952 3372; x_wconf 83' lang='lat' dir='ltr'>docuerit,</span> <span class='ocrx_word' id='word_1_532' title='bbox 972 3305 1017 3359; x_wconf 86' lang='lat' dir='ltr'>tn&#39;c</span> <span class='ocrx_word' id='word_1_533' title='bbox 1032 3318 1150 3373; x_wconf 76' lang='lat' dir='ltr'>mugnus</span> <span class='ocrx_word' id='word_1_534' title='bbox 1174 3306 1323 3361; x_wconf 80' lang='lat' dir='ltr'>uocabitur</span> <span class='ocrx_word' id='word_1_535' title='bbox 1335 3305 1362 3357; x_wconf 79' lang='lat' dir='ltr'>in</span> 
     </span>
     <span class='ocr_line' id='line_1_97' title="bbox 772 3373 1361 3445; baseline -0.002 -15"><span class='ocrx_word' id='word_1_536' title='bbox 772 3390 856 3444; x_wconf 76' lang='lat' dir='ltr'>regno</span> <span class='ocrx_word' id='word_1_537' title='bbox 880 3376 1018 3431; x_wconf 81' lang='lat' dir='ltr'>cetorum.</span> <span class='ocrx_word' id='word_1_538' title='bbox 1042 3377 1077 3430; x_wconf 86' lang='lat' dir='ltr'>Et</span> <span class='ocrx_word' id='word_1_539' title='bbox 1101 3373 1172 3431; x_wconf 92' lang='lat' dir='ltr'>illud</span> <span class='ocrx_word' id='word_1_540' title='bbox 1200 3392 1208 3431; x_wconf 76' lang='lat' dir='ltr'>t</span> <span class='ocrx_word' id='word_1_541' title='bbox 1235 3376 1361 3445; x_wconf 70' lang='lat' dir='ltr'>diligunt</span> 
     </span>
     <span class='ocr_line' id='line_1_98' title="bbox 772 3446 1361 3516; baseline 0 -15"><span class='ocrx_word' id='word_1_542' title='bbox 772 3446 930 3502; x_wconf 75' lang='lat' dir='ltr'>dominibus</span> <span class='ocrx_word' id='word_1_543' title='bbox 945 3462 1031 3505; x_wconf 77' lang='lat' dir='ltr'>ortem</span> <span class='ocrx_word' id='word_1_544' title='bbox 1043 3449 1155 3516; x_wconf 77' lang='lat' dir='ltr'>grania,</span> <span class='ocrx_word' id='word_1_545' title='bbox 1168 3447 1262 3516; x_wconf 79' lang='lat' dir='ltr'>digito</span> <span class='ocrx_word' id='word_1_546' title='bbox 1277 3452 1361 3503; x_wconf 76' lang='lat' dir='ltr'>auten</span> 
     </span>
     <span class='ocr_line' id='line_1_99' title="bbox 773 3519 1361 3584; baseline 0.002 -11"><span class='ocrx_word' id='word_1_547' title='bbox 773 3533 822 3574; x_wconf 82' lang='lat' dir='ltr'>suo</span> <span class='ocrx_word' id='word_1_548' title='bbox 832 3520 929 3574; x_wconf 84' lang='lat' dir='ltr'>nolunt</span> <span class='ocrx_word' id='word_1_549' title='bbox 941 3533 974 3573; x_wconf 86' lang='lat' dir='ltr'>cu</span> <span class='ocrx_word' id='word_1_550' title='bbox 985 3533 1091 3573; x_wconf 73' lang='lat' dir='ltr'>monem</span> <span class='ocrx_word' id='word_1_551' title='bbox 1093 3558 1149 3577; x_wconf 91' lang='grc'><strong>.....</strong></span> <span class='ocrx_word' id='word_1_552' title='bbox 1164 3519 1361 3584; x_wconf 66' lang='lat' dir='ltr'>nicentium,</span> 
     </span>
     <span class='ocr_line' id='line_1_100' title="bbox 773 3586 1361 3662; baseline -0.003 -17"><span class='ocrx_word' id='word_1_553' title='bbox 773 3596 800 3645; x_wconf 89' lang='lat' dir='ltr'>et</span> <span class='ocrx_word' id='word_1_554' title='bbox 822 3605 875 3646; x_wconf 87' lang='lat' dir='ltr'>non</span> <span class='ocrx_word' id='word_1_555' title='bbox 891 3592 1011 3658; x_wconf 73' lang='lat' dir='ltr'>fuciunt.</span> <span class='ocrx_word' id='word_1_556' title='bbox 1033 3591 1066 3645; x_wconf 94' lang='lat' dir='ltr'>ln</span> <span class='ocrx_word' id='word_1_557' title='bbox 1080 3587 1300 3662; x_wconf 82' lang='lat' dir='ltr'>pradicatione,</span> <span class='ocrx_word' id='word_1_558' title='bbox 1314 3586 1361 3645; x_wconf 86' lang='lat' dir='ltr'>ali·</span> 
     </span>
     <span class='ocr_line' id='line_1_101' title="bbox 792 3659 1362 3733; baseline -0.005 -16"><span class='ocrx_word' id='word_1_559' title='bbox 792 3662 887 3717; x_wconf 90' lang='lat' dir='ltr'>nando</span> <span class='ocrx_word' id='word_1_560' title='bbox 912 3661 1051 3717; x_wconf 88' lang='lat' dir='ltr'>asseritur</span> <span class='ocrx_word' id='word_1_561' title='bbox 1073 3659 1171 3717; x_wconf 89' lang='lat' dir='ltr'>censio</span> <span class='ocrx_word' id='word_1_562' title='bbox 1191 3659 1362 3733; x_wconf 86' lang='lat' dir='ltr'>generaliter</span> 
     </span>
     <span class='ocr_line' id='line_1_102' title="bbox 773 3677 1359 3812; baseline 0.002 -24"><span class='ocrx_word' id='word_1_563' title='bbox 773 3677 809 3789; x_wconf 73' lang='lat' dir='ltr'>Ue</span> <span class='ocrx_word' id='word_1_564' title='bbox 822 3731 867 3789; x_wconf 88' lang='lat' dir='ltr'>his</span> <span class='ocrx_word' id='word_1_565' title='bbox 880 3748 944 3804; x_wconf 84' lang='lat' dir='ltr'>quae</span> <span class='ocrx_word' id='word_1_566' title='bbox 957 3731 1103 3805; x_wconf 86' lang='lat' dir='ltr'>pertinent</span> <span class='ocrx_word' id='word_1_567' title='bbox 1114 3731 1150 3789; x_wconf 88' lang='lat' dir='ltr'>ad</span> <span class='ocrx_word' id='word_1_568' title='bbox 1165 3735 1275 3789; x_wconf 84' lang='lat' dir='ltr'>statum</span> <span class='ocrx_word' id='word_1_569' title='bbox 1287 3730 1359 3812; x_wconf 76' lang='lat' dir='ltr'>salu·</span> 
     </span>
     <span class='ocr_line' id='line_1_103' title="bbox 772 3801 1360 3875; baseline -0.005 -16"><span class='ocrx_word' id='word_1_570' title='bbox 772 3803 827 3872; x_wconf 90' lang='lat' dir='ltr'>tis;</span> <span class='ocrx_word' id='word_1_571' title='bbox 848 3803 1003 3875; x_wconf 88' lang='lat' dir='ltr'>aliquando</span> <span class='ocrx_word' id='word_1_572' title='bbox 1024 3805 1083 3860; x_wconf 89' lang='lat' dir='ltr'>Deo</span> <span class='ocrx_word' id='word_1_573' title='bbox 1102 3801 1248 3861; x_wconf 84' lang='lat' dir='ltr'>asseritur</span> <span class='ocrx_word' id='word_1_574' title='bbox 1270 3816 1360 3860; x_wconf 85' lang='lat' dir='ltr'>cenem</span> 
     </span>
     <span class='ocr_line' id='line_1_104' title="bbox 773 3873 1361 3948; baseline -0.005 -17"><span class='ocrx_word' id='word_1_575' title='bbox 773 3875 928 3932; x_wconf 91' lang='lat' dir='ltr'>secundum</span> <span class='ocrx_word' id='word_1_576' title='bbox 944 3878 1049 3932; x_wconf 89' lang='lat' dir='ltr'>statum</span> <span class='ocrx_word' id='word_1_577' title='bbox 1062 3873 1258 3948; x_wconf 83' lang='lat' dir='ltr'>perfectionis,</span> <span class='ocrx_word' id='word_1_578' title='bbox 1271 3876 1361 3948; x_wconf 84' lang='lat' dir='ltr'>utpote</span> 
     </span>
     <span class='ocr_line' id='line_1_105' title="bbox 773 3945 1360 4015; baseline -0.005 -12"><span class='ocrx_word' id='word_1_579' title='bbox 773 3945 929 4015; x_wconf 75' lang='lat' dir='ltr'>religionis.</span> <span class='ocrx_word' id='word_1_580' title='bbox 943 3946 1038 4003; x_wconf 89' lang='lat' dir='ltr'>Primo</span> <span class='ocrx_word' id='word_1_581' title='bbox 1050 3946 1135 4002; x_wconf 90' lang='lat' dir='ltr'>modo</span> <span class='ocrx_word' id='word_1_582' title='bbox 1142 3950 1260 4003; x_wconf 90' lang='lat' dir='ltr'>tenetur</span> <span class='ocrx_word' id='word_1_583' title='bbox 1271 3945 1360 4003; x_wconf 82' lang='lat' dir='ltr'>lacere</span> 
     </span>
     <span class='ocr_line' id='line_1_106' title="bbox 774 4017 1361 4090; baseline -0.01 -15"><span class='ocrx_word' id='word_1_584' title='bbox 774 4017 851 4090; x_wconf 91' lang='lat' dir='ltr'>quod</span> <span class='ocrx_word' id='word_1_585' title='bbox 874 4017 943 4074; x_wconf 89' lang='lat' dir='ltr'>dicit</span> <span class='ocrx_word' id='word_1_586' title='bbox 965 4017 1148 4090; x_wconf 76' lang='lat' dir='ltr'>praedicator,</span> <span class='ocrx_word' id='word_1_587' title='bbox 1166 4032 1233 4073; x_wconf 90' lang='lat' dir='ltr'>cum</span> <span class='ocrx_word' id='word_1_588' title='bbox 1257 4017 1361 4075; x_wconf 74' lang='lat' dir='ltr'>mearat</span> 
     </span>
     <span class='ocr_line' id='line_1_107' title="bbox 774 4085 1359 4159; baseline -0.009 -13"><span class='ocrx_word' id='word_1_589' title='bbox 774 4105 876 4146; x_wconf 86' lang='lat' dir='ltr'>omues</span> <span class='ocrx_word' id='word_1_590' title='bbox 892 4089 928 4145; x_wconf 89' lang='lat' dir='ltr'>ad</span> <span class='ocrx_word' id='word_1_591' title='bbox 943 4089 997 4145; x_wconf 90' lang='lat' dir='ltr'>hoc</span> <span class='ocrx_word' id='word_1_592' title='bbox 1013 4088 1121 4159; x_wconf 90' lang='lat' dir='ltr'>teneri;</span> <span class='ocrx_word' id='word_1_593' title='bbox 1136 4090 1264 4146; x_wconf 90' lang='lat' dir='ltr'>secundo</span> <span class='ocrx_word' id='word_1_594' title='bbox 1279 4085 1359 4145; x_wconf 89' lang='lat' dir='ltr'>modo</span> 
     </span>
     <span class='ocr_line' id='line_1_108' title="bbox 773 4159 1359 4233; baseline -0.003 -17"><span class='ocrx_word' id='word_1_595' title='bbox 773 4177 831 4216; x_wconf 88' lang='lat' dir='ltr'>non</span> <span class='ocrx_word' id='word_1_596' title='bbox 851 4166 975 4229; x_wconf 87' lang='lat' dir='ltr'>tenetur,</span> <span class='ocrx_word' id='word_1_597' title='bbox 992 4160 1047 4217; x_wconf 90' lang='lat' dir='ltr'>nisi</span> <span class='ocrx_word' id='word_1_598' title='bbox 1070 4159 1132 4233; x_wconf 88' lang='lat' dir='ltr'>ipse</span> <span class='ocrx_word' id='word_1_599' title='bbox 1153 4160 1359 4233; x_wconf 87' lang='lat' dir='ltr'>perfectionem</span> 
     </span>
     <span class='ocr_line' id='line_1_109' title="bbox 775 4231 1361 4303; baseline -0.003 -16"><span class='ocrx_word' id='word_1_600' title='bbox 775 4231 852 4289; x_wconf 87' lang='lat' dir='ltr'>illam</span> <span class='ocrx_word' id='word_1_601' title='bbox 866 4231 985 4289; x_wconf 80' lang='lat' dir='ltr'>voverit.</span> <span class='ocrx_word' id='word_1_602' title='bbox 1000 4233 1131 4288; x_wconf 85' lang='lat' dir='ltr'>Existens</span> <span class='ocrx_word' id='word_1_603' title='bbox 1146 4236 1242 4289; x_wconf 87' lang='lat' dir='ltr'>autem</span> <span class='ocrx_word' id='word_1_604' title='bbox 1256 4231 1286 4288; x_wconf 93' lang='lat' dir='ltr'>in</span> <span class='ocrx_word' id='word_1_605' title='bbox 1302 4244 1361 4303; x_wconf 85' lang='lat' dir='ltr'>peo-</span> 
     </span>
     <span class='ocr_line' id='line_1_110' title="bbox 774 4303 1359 4376; baseline -0.002 -15"><span class='ocrx_word' id='word_1_606' title='bbox 774 4311 837 4361; x_wconf 88' lang='lat' dir='ltr'>cato</span> <span class='ocrx_word' id='word_1_607' title='bbox 849 4303 972 4373; x_wconf 90' lang='lat' dir='ltr'>notorio,</span> <span class='ocrx_word' id='word_1_608' title='bbox 981 4304 1204 4376; x_wconf 84' lang='lat' dir='ltr'>peccatquando</span> <span class='ocrx_word' id='word_1_609' title='bbox 1213 4303 1359 4376; x_wconf 78' lang='lat' dir='ltr'>predicat,</span> 
     </span>
    </p>
   </div>
   <div class='ocr_carea' id='block_1_4' title="bbox 0 0 1414 4928">
    <p class='ocr_par' dir='ltr' id='par_1_6' title="bbox 0 0 1414 4928">
     <span class='ocr_line' id='line_1_111' title="bbox 0 0 1414 4928; baseline 0 0"><span class='ocrx_word' id='word_1_610' title='bbox 0 0 1414 4928; x_wconf 95' lang='lat' dir='ltr'> </span> 
     </span>
    </p>
   </div>
  </div>
 </body>
</html>
