2820 4928
378 294 417 349 ba
445 294 645 351 atteruntur
671 298 930 364 consolarium,
957 299 1025 354 alc.
1271 302 1318 355 tit

83 406 269 479 peccatorum
286 398 460 471 alligatione,
483 398 670 459 tomitisiaie·

83 475 333 543 ctione,seasuum
344 471 496 541 illectione,
507 475 670 544 passionum

82 544 278 611 intestatione,
309 545 472 602 daemonnm
497 545 668 615 tentatione,

83 620 226 679 malorum
242 619 389 673 hominum
401 617 608 689 perseeutione,
623 634 671 674 ne-

83 691 273 749 cessariorum
286 689 484 757 sollicitudine,
503 694 531 745 et
549 692 586 746 ab
603 707 670 747 om-

83 763 170 823 nihus
185 763 347 835 hujusmodi
360 759 465 817 erimus
481 760 571 824 liberi.
583 778 670 834 qnan-

84 838 122 894 do
148 850 287 908 ponemur
304 836 334 889 in
357 834 510 889 libertatem
533 837 671 905 gloriati-

84 910 186 965 tioram
202 910 259 962 Det.
279 904 427 961 llaecenim
442 906 598 975 redemptio
614 923 671 963 ntra

85 984 130 1039 est
144 979 233 1046 aliud,
251 977 304 1034 nisi
322 978 448 1050 perlecta
467 977 583 1035 libertas
608 980 670 1034 ani·

86 1068 142 1111 mae
156 1057 186 1107 et
202 1049 339 1123 corporis.
357 1054 386 1105 ut
406 1054 472 1105 tnnc
487 1050 557 1122 justi
575 1050 670 1107 dicere

84 1123 197 1198 possint
206 1123 317 1181 Christo
330 1122 397 1177 illud
411 1122 611 1195 Apocalypsis:
624 1125 672 1180 Oc·

85 1199 160 1254 risus
179 1211 217 1263 es,
237 1200 262 1250 et
280 1195 421 1250 redemisti
437 1210 486 1249 nos
507 1199 558 1250 ltro
574 1203 670 1252 niistro

84 1270 272 1336 insanguine
296 1272 358 1329 tuo:
381 1272 407 1322 et
430 1268 522 1333 iecisti
546 1283 593 1323 aas
617 1271 670 1323 lieo

84 1345 178 1398 nostro
191 1355 313 1407 regnam.
335 1340 391 1394 lloc
404 1341 507 1410 quiippe
522 1340 558 1395 ad
568 1355 670 1395 conso·

85 1412 224 1471 lationem
248 1411 402 1467 electorum
428 1410 513 1478 cedit,
531 1411 607 1483 qnod
625 1411 671 1466 vi-

86 1486 175 1542 deant
188 1484 328 1540 Christum
341 1482 447 1551 venire,
457 1492 486 1538 ut
497 1485 538 1539 eis
553 1482 672 1555 praemia

85 1555 235 1625 largiatur,
251 1571 382 1626 quasuis
397 1554 535 1627 promisit.
554 1556 609 1612 Sed
629 1572 670 1613 rae

85 1628 168 1685 vobis
181 1626 351 1693 ambitiosis,
367 1626 414 1699 qui
440 1628 546 1699 primns
568 1629 670 1683 cathe-

85 1701 155 1758 dras
170 1699 297 1770 diligitis,
313 1698 420 1755 scilicet
435 1698 481 1769 qni
497 1700 533 1756 ad
550 1699 672 1763 «tigisita-

85 1778 132 1830 tes
144 1771 262 1845 diligitis
276 1771 422 1839 accedere,
438 1771 481 1826 vel
501 1773 528 1827 in
538 1770 606 1841 ipsis
621 1771 670 1827 di-

86 1844 244 1915 gnitatibus
259 1842 377 1913 diligitis
393 1858 588 1914 perseverare,
604 1843 671 1914 qnia

86 1925 156 1975 tunc
171 1933 228 1972 non
248 1918 301 1971 crit
318 1914 397 1972 vobis
420 1931 484 1984 pars
507 1931 598 1986 neqnc
612 1932 673 1970 sors

86 1988 119 2046 in
134 2004 265 2045 sermone
275 1988 339 2051 isto,
352 2003 404 2043 nce
417 2002 481 2042 cum
495 1986 593 2042 clectis
603 2002 672 2042 con-

87 2060 206 2118 solatiol
225 2061 295 2117 Nam
312 2058 453 2117 Christum
473 2058 673 2129 jndicem-rc-

87 2132 215 2191 nientem
229 2149 286 2188 non
301 2132 433 2198 libenter,
451 2146 502 2185 nec
514 2130 674 2201 gaudenter

88 2203 231 2273 videbitis,
241 2205 288 2275 qui
303 2220 377 2260 nnnc
391 2218 513 2275 praesse
523 2209 551 2259 et
561 2203 672 2274 judices

88 2293 152 2334 esse
169 2275 386 2347 diligitis.Qund
399 2278 470 2331 bene
482 2275 629 2342 ureaorrus
644 2274 673 2330 in

88 2347 243 2407 lloralibus
255 2353 416 2413 attestatur,
430 2346 528 2403 dicens
546 2370 552 2403 ε
571 2366 585 2401 a
602 2348 672 2403 Nam

89 2422 134 2478 cui
163 2436 227 2477 esse
253 2437 327 2476 nnnc
349 2418 475 2491 jndicem
498 2419 576 2489 libet,
606 2419 673 2475 bnic

89 2493 186 2550 ridere
200 2499 267 2549 tune
281 2490 475 2548 tudiceinnon
489 2490 565 2547 libet.
584 2510 598 2543 n
613 2492 674 2546 Non

88 2564 159 2623 dicit
174 2582 181 2621 :
196 2564 248 2632 Qui
258 2565 345 2637 judex
358 2569 417 2631 est3
432 2563 481 2619 sed
497 2563 542 2618 cni
555 2579 618 2619 esse
630 2563 675 2634 ju-

88 2638 182 2696 dicem
205 2637 283 2706 libet,
309 2634 437 2692 animum
458 2634 595 2704 videlicet,
616 2650 675 2690 non

87 2709 222 2782 gradum,
239 2709 424 2776 redarguens,
441 2712 469 2773 et
486 2707 522 2763 ad
538 2707 675 2763 volunta-

89 2790 158 2845 tem,
182 2796 241 2838 non
256 2781 291 2837 ad
307 2781 422 2848 tactum,
439 2779 675 2848 vituperationem

89 2855 226 2913 reterens.
242 2853 311 2922 Quis
327 2858 421 2909 autem
436 2852 561 2921 cogitare
574 2853 616 2909 vel
632 2851 675 2907 di·

88 2944 156 2985 cere
177 2926 280 2994 valeat,
294 2941 356 2997 quae
372 2931 438 2980 tunc
462 2923 560 2981 latitia
580 2923 673 2992 bonis,

90 3006 119 3058 et
131 3014 194 3071 quae
208 3004 274 3054 tnnc
284 2996 399 3053 tristitia
414 2996 494 3052 malis
509 2996 584 3052 erit?
596 2996 675 3053 Unde

89 3072 167 3129 idem
190 3071 336 3138 Gregorius
358 3089 366 3125 ε
392 3091 407 3120 n
427 3068 477 3136 Qni
502 3070 588 3124 Deum
610 3067 674 3124 dill-

111 3151 173 3211 unt,
193 3159 226 3199 ex
243 3141 340 3199 mundi
366 3142 424 3196 llne
448 3142 572 3211 gaudere
590 3147 675 3211 atquc

90 3160 261 3274 {siccescere
286 3216 432 3286 jubentur,
458 3211 524 3293 tinia
545 3211 675 3293 videlicet

91 3304 171 3355 eum,
189 3302 274 3360 quem
300 3292 408 3353 amant,
427 3299 490 3340 mox
517 3290 674 3352 inveniunt,

90 3360 160 3417 dum
175 3364 278 3416 transit
292 3357 315 3414 is
329 3374 412 3430 quiem
424 3373 480 3412 non
495 3362 672 3412 aiiiaveruat.

91 3431 175 3489 Absit
201 3431 288 3497 enim,
314 3437 345 3487 nt
374 3426 675 3501 tldelisquisque,‹pii

92 3506 185 3562 Deum
212 3502 308 3559 ridere
340 3500 492 3569 desiderat,
513 3500 548 3557 de
576 3499 675 3556 mundi

91 3574 323 3650 percussionibus
334 3572 612 3645 lugeat,quemllniri
623 3572 676 3629 eis·

92 3647 160 3705 dem
175 3645 406 3719 percussionibus
426 3648 483 3701 suis
509 3662 565 3701 uon
596 3646 675 3715 igno-

93 3719 158 3776 rati
176 3718 319 3791 Scriptum
335 3733 456 3788 aramque
471 3722 535 3773 est:
551 3718 677 3784 Quicum-

94 3793 276 3864 prevaluerit
291 3793 396 3846 amicus
410 3804 466 3845 esse
480 3789 562 3857 bajus
571 3790 676 3868 ¹sicardi,

94 3866 225 3920 inimicus
250 3865 300 3919 Dei
319 3865 507 3919 corastituetur.
526 3861 578 3927 Qui
597 3875 677 3930 ergo,

95 3935 343 4009 appropinquante
358 3932 452 3990 mnudi
464 3932 529 3988 brie.
541 3947 596 3987 noa
613 3947 680 4003 gau-

96 4008 156 4077 det,
170 4006 296 4066 amicum
322 4023 353 4065 se
376 4006 450 4063 itlius
469 4019 529 4061 esse
547 4008 679 4072 testatur,

96 4096 131 4137 ac
144 4096 196 4152 per
209 4082 264 4137 hoa
279 4078 411 4137 inimicas
425 4075 474 4134 Dei
487 4091 550 4133 esse
568 4074 681 4132 conna-

97 4152 181 4209 eitur.
212 4154 249 4207 lix
274 4149 373 4207 mundi
393 4148 470 4207 enim
489 4146 682 4204 destructione

96 4223 197 4297 lugere
216 4238 315 4280 eornm
335 4227 388 4292 est,
405 4221 454 4293 qni
478 4219 603 4276 radicem
619 4233 682 4275 cor·

97 4294 187 4355 disin
208 4298 271 4369 ejus
290 4311 387 4351 amore
408 4295 617 4367 plantaverunt,
636 4288 684 4363 qui
723 4364 726 4369 Ι

726 408 894 476 sequentem
923 402 1012 461 vitam
1032 418 1090 462 non
1118 411 1253 479 quarunt
1270 428 1278 464 ι
1298 424 1314 461 n

727 477 788 533 hac
797 476 954 541 Gregorius.
966 475 1140 534 uiritantem
1152 478 1211 534 heca
1219 477 1314 535 Domi·

727 548 1314 621 nusaddiscipnlosmontamqnemadeos

727 619 774 691 qui
786 621 889 678 durare
902 621 1040 677 deberent
1050 621 1078 678 in
1090 622 1149 678 vita
1160 624 1213 677 isla
1222 637 1313 693 usqne

727 692 763 748 ad
780 693 877 748 mundi
894 693 1046 750 terminum
1062 713 1069 763 ;
1091 695 1140 750 sed
1158 693 1239 763 qnasi
1255 710 1313 751 uao

727 780 844 835 corpore
855 764 990 821 existente
1002 765 1070 838 ipsis
1083 770 1111 822 et
1126 765 1208 823 nohis
1221 772 1249 822 et
1263 782 1313 838 po·

727 835 821 897 steris.
848 853 936 907 usqne
969 838 1005 893 ad
1040 837 1316 896 consummationem

727 908 836 972 mundi,
853 908 1003 964 credituris
1016 907 1044 964 in
1066 909 1222 967 Christum.

766 1001 779 1036 a
798 983 922 1037 AEsrnris
937 999 969 1037 ar
985 998 1120 1039 stonense
1145 1000 1312 1040 simmacho.

727 1055 907 1118 -ttuamvis
934 1070 1002 1125 ergo
1024 1053 1100 1110 diem
1122 1053 1199 1110 illam
1227 1071 1313 1112 nemo

728 1124 809 1194 sciat,
822 1125 980 1197 proximam
997 1131 1092 1182 lamen
1106 1142 1168 1183 esse
1182 1125 1315 1183 dubitare

727 1213 783 1252 urin
802 1200 916 1269 poterit,
934 1203 1085 1269 postquam
1103 1201 1184 1255 tanta
1203 1204 1232 1255 ct
1245 1198 1315 1256 talia

728 1271 811 1335 signa
827 1269 890 1325 ficri
904 1269 1048 1338 incipient.
1063 1272 1147 1341 Cujus
1165 1268 1205 1327 rei
1222 1270 1315 1341 gratia

727 1341 822 1398 subdit
841 1342 1018 1414 parabolam,
1036 1343 1064 1398 id
1088 1349 1131 1398 est
1145 1342 1316 1399 similitudi-

728 1428 794 1469 nem
809 1414 844 1469 nd
861 1414 1036 1486 prop-sitnm
1050 1430 1217 1485 congruam.
1234 1415 1270 1471 de
1284 1415 1316 1470 il-

728 1485 829 1542 culnea
838 1492 867 1542 et
881 1487 916 1542 de
926 1485 990 1542 aliis
1000 1486 1162 1543 arboribus.
1175 1487 1273 1544 Videte
1279 1490 1314 1558 ti·

729 1560 854 1613 retineam
873 1564 899 1613 et
918 1573 1008 1613 omnes
1025 1559 1147 1614 arbores.
1169 1561 1235 1615 Cum
1248 1576 1315 1629 pro·

728 1630 831 1685 diccunt
860 1631 921 1700 iam
949 1646 983 1685 ea
1010 1645 1038 1685 se
1066 1634 1216 1698 fractam,
1237 1633 1316 1688 scitia

729 1704 860 1772 pamniam
880 1719 966 1774 prope
981 1707 1020 1757 est
1034 1710 1124 1757 astas.
1150 1706 1193 1758 lta
1213 1708 1238 1758 et
1256 1718 1315 1775 ros,

729 1792 789 1829 ram
799 1775 927 1829 videritis
938 1776 992 1830 hae
1004 1778 1171 1845 perierante
1184 1776 1316 1846 quoniam

728 1862 813 1917 prope
827 1852 867 1901 est
880 1863 994 1915 regnum
1015 1849 1074 1903 Dei.
1091 1847 1168 1903 Sicnt
1191 1846 1266 1902 enim
1282 1863 1317 1903 ex

730 1917 915 1987 pullulatione
931 1924 959 1974 et
969 1918 1061 1973 irurtn
1078 1918 1211 1974 loliorum
1225 1924 1252 1974 et
1266 1920 1318 1973 llo·

730 2005 793 2044 cum
810 1988 839 2044 in
853 1991 955 2045 arbore
965 2005 1052 2061 prope
1063 2005 1124 2046 esse
1135 1996 1220 2046 testas
1230 2004 1316 2115 opno-

730 2060 830 2125 scitur3
848 2060 888 2116 ita
901 2078 934 2116 ex
950 2060 1032 2117 ruina
1049 2060 1146 2116 miinili
1168 2076 1233 2132 qnae
1263 2076 1316 2117 ru-

730 2138 791 2188 ctns
802 2133 863 2203 ejus
871 2137 925 2201 est,
937 2139 965 2189 et
975 2131 1062 2203 signis
1074 2131 1219 2205 predictis
1227 2148 1317 2205 prope

730 2220 792 2269 esse
809 2204 988 2276 cognoscitur
1002 2204 1140 2261 adtonitus
1155 2204 1274 2273 indicis,
1289 2210 1319 2260 et

731 2293 850 2347 regnum
876 2276 926 2333 llei
943 2295 950 2333 :
970 2293 1034 2349 qiiae
1049 2281 1133 2333 astas
1154 2275 1209 2334 erit
1230 2275 1317 2348 justis

730 2366 763 2405 ex
787 2349 890 2415 hieme,
907 2357 935 2405 et
959 2348 1154 2420 peccatoribus
1174 2347 1266 2404 hiems
1280 2364 1315 2406 ex

730 2427 838 2478 aestate.
870 2422 1029 2478 Secundum
1071 2422 1314 2491 chrysostomum,

730 2494 794 2565 plns
811 2494 846 2549 de
863 2493 917 2549 sicu
932 2509 1018 2564 qnam
1035 2493 1070 2549 de
1085 2494 1142 2550 alia
1158 2495 1261 2549 arbore
1274 2493 1315 2548 si-

732 2564 920 2621 militudinem
943 2564 1032 2637 ponit,
1062 2564 1128 2635 qnia
1156 2579 1228 2636 pene
1252 2569 1316 2636 post

731 2653 831 2692 omncs
847 2637 963 2693 arbores
990 2644 1100 2704 vernat,
1117 2641 1145 2692 et
1165 2635 1205 2691 sic
1225 2636 1316 2706 magis

732 2707 854 2765 aricino
869 2714 997 2765 estatem
1014 2707 1143 2776 nuntiat,
1160 2707 1213 2775 rel,
1230 2705 1316 2763 sirni-

732 2779 881 2837 litndmem
900 2797 917 2836 a
944 2780 998 2836 tlcu
1023 2779 1121 2848 sumit,
1137 2778 1204 2851 qula
1226 2777 1277 2834 illa
1292 2779 1316 2834 si

733 2853 807 2909 niele
827 2858 880 2919 est,
895 2851 970 2908 mala
988 2858 1032 2908 est
1049 2852 1140 2919 valde,
1157 2856 1185 2907 et
1200 2849 1223 2906 si
1239 2851 1316 2908 bona

732 2930 785 2992 est,
806 2925 881 2981 bona
898 2929 942 2980 est
971 2924 1063 2990 valde,
1088 2922 1161 2979 sicut
1177 2921 1316 2994 judicium

733 2997 814 3053 valde
831 2998 937 3052 malum
954 3002 995 3052 est
1012 2994 1101 3063 malis,
1118 3000 1146 3050 et
1165 2993 1247 3051 valde
1261 2996 1317 3050 bo-

732 3084 800 3125 nnm
815 3075 857 3124 est
867 3069 968 3139 jnstis;
985 3067 1039 3135 rel,
1060 3068 1126 3137 quio
1148 3066 1267 3122 dnlccdo
1283 3066 1317 3121 fi-

733 3157 781 3197 cus
799 3140 978 3196 dnlcedinem
998 3139 1158 3194 futurorum
1175 3136 1318 3209 signiilcat

732 3212 912 3285 gaudiorum.
928 3214 985 3267 llnc
1000 3210 1197 3277 similitudine,
1213 3226 1316 3265 seeun-

731 3285 799 3341 dum
812 3280 1318 3353 acepertus,despiciendusmundus

732 3356 901 3425 ostenditur,
918 3356 999 3427 cujus
1024 3356 1133 3410 l'rnctus
1160 3352 1243 3409 ruina
1262 3356 1316 3420 est,

732 3428 798 3500 quia
813 3428 916 3485 adhoc
930 3426 1032 3484 crescit
1048 3431 1077 3483 nt
1093 3424 1185 3493 cadat,
1213 3424 1250 3481 ad
1264 3424 1319 3481 hoe

731 3500 883 3571 germinat,
897 3506 929 3557 ut
943 3514 1130 3571 quaecumque
1145 3496 1321 3571 germinave·

732 3573 770 3630 rit
784 3572 911 3628 cladibus
927 3580 1086 3628 consumat.
1107 3569 1320 3637 bloraliter‚ho·

732 3661 779 3701 mo
790 3644 939 3701 arboribus
953 3644 981 3699 in
993 3645 1046 3700 linc
1056 3641 1240 3705 assimilatur,
1249 3639 1317 3712 quia

733 3716 806 3772 sicut
836 3717 952 3771 arbores
970 3721 1036 3787 post
1055 3716 1179 3770 hiemem
1198 3710 1318 3767 irnctill·

734 3792 809 3854 cant,
824 3792 852 3843 et
862 3791 960 3844 astate
977 3790 1085 3843 tructus
1100 3784 1261 3853 colligitur3
1276 3781 1318 3838 sic

735 3862 832 3926 homo,
862 3864 925 3931 post
953 3856 1166 3915 tribulationem
1196 3855 1320 3910 tructam

736 3930 887 4002 habet,qui
902 3945 953 4002 per
963 3927 1144 3986 tolerantiam
1155 3924 1321 3998 passionum

737 4000 906 4075 acquiritur,
929 4008 957 4059 et
975 4001 1021 4058 hie
1043 4004 1150 4057 tructus
1168 3997 1199 4054 ia
1223 4002 1322 4054 aestate

738 4074 876 4131 claritatis
888 4079 1003 4131 aeternae
1015 4070 1167 4143 colligitur.
1180 4071 1323 4126 Etcoare·

739 4142 1322 4218 nienterregnumDeioomparaturaesta-

741 4217 762 4274 ti
778 4236 785 4273 :
800 4218 903 4291 primo,
917 4216 983 4289 qnia
998 4224 1081 4271 aestas
1098 4220 1141 4270 est
1155 4219 1267 4287 tempus
1283 4213 1323 4271 lu·

742 4289 847 4363 aidum,
865 4289 905 4346 sic
922 4302 1042 4361 regnum
1055 4285 1212 4357 colorum3
1227 4302 1326 4344 secun·
