2820 4928
394 352 434 410 DE
462 356 583 414 luuuls
612 358 826 414 redemeris.
854 355 922 413 eru

597 494 726 552 ORATIO

85 683 205 740 Domine
227 681 297 739 Jesii
314 678 434 747 Christe,
450 679 487 736 da
511 680 579 737 mibi
603 680 809 739 incessabiliter
827 680 904 739 diem
929 681 1066 739 transitus
1084 678 1142 738 mei
1160 686 1189 739 et
1202 681 1278 740 diem

41 754 145 829 judicii
164 752 301 825 cogitare,
317 768 350 808 ac
365 751 519 809 novissima
534 752 694 825 providere,
711 759 741 811 ut
757 753 870 826 vigilem
887 753 1006 810 sollicite
1019 770 1070 825 pro
1085 752 1278 827 spiritualibus

42 832 74 884 et
94 825 220 895 aeternis,
234 823 304 880 mibi
329 825 454 880 cavendo
477 840 495 881 a
519 824 652 896 peccatis,
673 831 701 883 et
727 827 884 884 insistendo
906 825 1040 899 operibus
1056 824 1158 895 bonis;
1176 842 1278 899 meque

39 897 138 971 ipsum
152 914 209 954 non
225 895 378 969 negligam,
395 897 445 953 sed
460 897 536 953 omni
563 901 691 970 tempore
713 898 749 954 ad
770 906 890 955 mortem
903 913 949 954 me
965 913 1123 970 praeparem
1141 905 1170 954 et
1181 897 1277 971 dispo·

40 985 123 1027 nam.
139 971 257 1033 Praesta,
272 968 401 1038 Domine,
413 972 443 1024 ut
457 967 526 1025 mibi
542 969 706 1040 quotidiano
720 977 786 1026 actu
809 969 974 1043 provideam
998 974 1027 1026 et
1040 985 1191 1043 procurem
1203 986 1277 1028 con-

40 1041 276 1108 summationem,
291 1045 320 1095 et
334 1045 365 1096 ut
379 1044 438 1096 tota
454 1040 513 1096 vita
526 1056 589 1098 mea
602 1041 666 1099 talis
680 1040 717 1098 sit
735 1041 764 1098 in
786 1040 1012 1111 conversatione,
1032 1047 1064 1098 ut
1077 1041 1150 1098 liber
1163 1057 1276 1100 merear

40 1111 150 1170 essein
170 1113 339 1183 finemque
360 1110 389 1167 in
410 1118 512 1183 morte,
526 1112 570 1169 iel
590 1113 698 1186 judicio
724 1113 885 1173 venientem
910 1113 1069 1187 gaudenter
1094 1112 1233 1186 recipere,
1249 1117 1278 1170 et

37 1190 136 1243 tecum
150 1183 212 1242 sine
226 1184 284 1242 line
295 1183 429 1258 gaudere.
443 1185 544 1244 Amen.

520 1515 657 1589 CAPUT
682 1519 800 1593 XLVII

259 1738 297 1782 DE
314 1738 423 1784 subluis
439 1739 618 1785 ruuifflrtcris
637 1741 675 1786 ΕΤ
688 1741 832 1789 LUCERNIS
849 1743 1047 1791 annuamus.

538 1910 619 1967 Lucae
632 1926 694 1984 cap.
708 1912 767 1969 llll.

79 2137 90 2172 1
108 2113 177 2182 Quin
194 2133 253 2171 siun
268 2132 351 2171 nuum
370 2131 513 2170 ennciucri
529 2131 561 2169 nr
576 2131 625 2171 nii·

36 2203 134 2243 csnxn
145 2186 305 2244 anonrrns‘?
318 2218 353 2227 -
368 2187 411 2249 Et,
429 2185 495 2256 quia
506 2187 541 2242 ad
557 2185 625 2258 vigi-

36 2258 156 2315 landum
186 2257 379 2331 multipliciter
405 2257 542 2314 Dominus
572 2275 624 2314 nos

35 2329 160 2398 monuit,
173 2335 379 2402 consequenter
391 2330 522 2399 qiiaedam
537 2330 572 2385 ad
587 2329 625 2385 vi-

33 2401 187 2475 gilandum
213 2418 265 2458 nos
290 2400 491 2483 praeparantia,
514 2418 564 2457 seu
587 2402 624 2458 ad

32 2473 189 2539 vigilantes
204 2473 387 2544 pertinentia,
403 2472 548 2540 describit,
565 2488 624 2529 mo-

34 2560 122 2613 nens,
135 2549 166 2600 ut
188 2548 245 2600 siut
265 2546 352 2600 lumbi
362 2543 461 2612 nostri,
476 2550 533 2600 tam
545 2560 622 2600 meri-

33 2616 74 2673 tis
82 2632 170 2687 quam
182 2615 284 2684 carnis,
294 2619 445 2688 giracincti,
455 2614 566 2686 cingulo
579 2632 624 2671 ca-

33 2686 162 2755 stitatis3
192 2694 218 2743 et
242 2687 298 2743 sint
315 2689 429 2743 lucernae
447 2688 573 2743 ardentes
592 2690 622 2743 iii

32 2761 174 2827 menibus,
191 2765 219 2816 et
233 2758 366 2832 operiliiis
390 2760 504 2815 nostris.
523 2759 621 2815 Lumbi

33 2830 142 2889 mentis
157 2836 243 2887 sunt:
262 2832 408 2898 voluntas,
425 2846 475 2887 seu
490 2831 620 2899 allectus,

33 2910 64 2961 et
90 2902 262 2972 intellectus,
281 2919 314 2959 eii
336 2901 438 2973 quibus
464 2902 622 2976 procedunt

35 2972 618 3047 cogitationesmalm,etdesideriaprava.

35 3046 138 3104 Lumbi
161 3062 228 3102 vero
246 3045 340 3101 carnis
364 3050 440 3112 suiit,
463 3063 494 3101 ex
517 3044 620 3116 quibus

33 3119 180 3193 prodeunt
197 3118 325 3174 carnales
341 3117 577 3200 concupiscentiae
592 3124 621 3174 et

36 3206 126 3263 opera
152 3188 309 3259 impudica;
335 3197 363 3245 et
386 3197 498 3260 utrique
531 3187 619 3244 lumbi

35 3267 104 3319 suut
122 3261 328 3343 praecingendi,
343 3260 372 3316 id
394 3267 437 3316 est
456 3259 619 3317 coarctandi

36 3335 73 3392 ab
89 3333 196 3389 illicitis
209 3331 428 3403 cogitationibus
438 3334 618 3400 etoperibus.

35 3405 210 3465 cinctorium
223 3410 378 3486 primorum
393 3408 434 3460 est
454 3403 556 3460 divinae
569 3407 621 3460 Le-

34 3477 80 3551 gis
105 3477 251 3533 meditatio
281 3476 405 3545 assidua,
421 3494 483 3547 quus
510 3478 542 3531 lit
570 3493 621 3548 per

32 3547 160 3607 studium
172 3550 263 3605 Sacrae
273 3548 438 3619 Scriptucae3
453 3548 620 3604 cinctorium

32 3621 229 3679 secundorum
253 3626 295 3675 est
312 3619 432 3691 justitia,
445 3637 508 3691 quae
522 3621 554 3675 sit
572 3636 622 3690 per

33 3693 162 3765 rigorem
183 3691 340 3764 disciplinae
357 3709 363 3746 :
380 3698 408 3746 et
430 3691 468 3747 ita
490 3708 539 3763 per
556 3691 620 3762 pri-

33 3780 116 3822 mum
132 3766 222 3820 lluxus
245 3762 449 3825 cecitatioiium
469 3769 496 3818 et
511 3763 621 3818 deside·

32 3837 147 3894 riorum
164 3834 305 3891 inutilium
321 3833 486 3904 reprimitur
501 3833 529 3889 in
545 3850 621 3889 iiien-

34 3912 84 3976 te;
111 3924 162 3980 per
188 3908 344 3962 secundum
370 3908 462 3962 lluius
485 3904 620 3976 concupi·

33 3980 211 4037 scentiaium
224 3978 380 4034 ‹earnalium
394 3991 423 4033 οι
442 3993 559 4049 operum
574 3992 620 4031 re-

34 4050 187 4121 stringitur
203 4051 231 4105 iu
245 4066 339 4105 carne.
352 4052 484 4106 Lucernac
498 4065 564 4104 vero
579 4064 622 4103 ar-

34 4124 139 4180 dentes
151 4129 217 4177 sunt
226 4121 364 4178 doctrinm
375 4121 458 4176 clarae
470 4127 498 4176 et
509 4119 620 4189 lucidae,

34 4202 66 4253 et
80 4196 211 4265 exempla
222 4195 297 4250 bona
311 4209 343 4248 er
358 4199 485 4260 caritate,
498 4208 560 4264 qum
575 4191 622 4246 de·

32 4267 106 4325 bont
121 4281 184 4322 esse
202 4265 233 4322 in
252 4267 382 4322 manibus
399 4263 514 4333 nostris,
530 4270 559 4321 ut
574 4261 622 4319 ad·

33 4338 209 4414 impleamus
221 4353 318 4411 opere.
331 4337 466 4396 Lucernae
479 4352 558 4408 ergo,
570 4350 622 4409 per

685 2115 826 2172 bonorum
843 2132 1008 2174 sermonum
1023 2120 1051 2173 el
1074 2132 1193 2190 operum
1209 2117 1269 2176 eii·

686 2185 821 2255 dentiam,
834 2188 966 2244 ardentes
978 2195 1085 2258 autem,
1094 2196 1269 2262 peranternae

685 2258 811 2315 caritatis
840 2260 992 2328 terrorem,
1008 2266 1036 2317 et
1060 2262 1198 2332 lucentes,
1217 2279 1270 2335 per

684 2338 790 2387 sancta
822 2332 1047 2389 conversationis
1074 2334 1268 2407 splendorem,

684 2401 793 2458 sintin
821 2403 952 2461 inanibus
980 2405 1095 2475 nostris,
1118 2405 1147 2463 id
1173 2407 1268 2464 estin

683 2474 817 2545 operibus
843 2475 935 2544 bouis,
965 2475 1037 2532 sicut
1059 2480 1177 2533 loannes
1207 2484 1267 2535 erat

683 2546 793 2600 lucerna
808 2546 907 2601 ordene
921 2552 946 2602 et
961 2548 1061 2602 luceiae.
1079 2549 1129 2604 Ubi
1145 2547 1186 2604 ait
1200 2550 1266 2606 Gre-

681 2619 796 2685 gori'us:
813 2639 824 2667 ι
842 2617 965 2673 Lumbos
977 2617 1189 2690 praecingimus,
1200 2630 1266 2678 cum

682 2687 776 2743 carnis
802 2687 943 2746 luxuriam
975 2704 1026 2759 per
1058 2689 1264 2749 continentiam

681 2764 871 2828 coarctamus;
881 2760 1012 2817 lucernas
1024 2760 1159 2818 ardentes
1168 2761 1199 2819 in
1208 2779 1266 2821 ma>

681 2830 765 2887 nibus
779 2839 922 2900 tenemus,
939 2848 1004 2889 cum
1019 2848 1070 2905 per
1087 2832 1163 2890 bona
1175 2850 1263 2907 opera

682 2901 816 2974 proximis
831 2902 936 2959 nostris
949 2903 1021 2960 lucis
1041 2905 1169 2977 exempla
1181 2920 1263 2962 mon-

680 2979 814 3030 stramus.
831 2994 845 3026 i›
864 2974 915 3030 Ubi
931 2979 960 3031 et
973 2977 1133 3044 Fulgentius
1148 2996 1157 3032 ο
1178 2997 1193 3030 a
1212 2979 1263 3034 Ju-

679 3046 750 3102 bens
770 3045 917 3113 Dominus,
934 3051 965 3103 ut
988 3045 1047 3102 sint
1068 3047 1156 3104 lumbi
1175 3049 1263 3106 nostri

679 3116 835 3188 praecincti,
851 3118 969 3175 mandat
985 3122 1016 3173 ut
1029 3119 1104 3175 mala
1122 3119 1264 3178 desideria

679 3193 764 3260 atque
775 3205 862 3258 opera
872 3189 1028 3267 fugiamus3
1039 3190 1154 3260 iubens,
1165 3196 1194 3248 ut
1205 3190 1264 3248 sint

680 3267 786 3317 nostrae
801 3260 924 3317 lucernae
949 3261 1093 3330 ardentes,
1114 3267 1210 3319 monet
1232 3267 1262 3321 ut

679 3330 756 3388 boun
769 3332 920 3403 diligamus
944 3338 971 3388 et
990 3332 1134 3390 iaciamus.
1150 3335 1263 3392 »Prius

679 3418 747 3473 ergo
763 3403 904 3476 praecinge
916 3404 1036 3471 lumbos,
1048 3410 1077 3461 et
1092 3412 1264 3464 tuncaccen-

680 3475 715 3531 de
730 3476 892 3545 lucernam,
910 3475 998 3547 prius,
1018 3477 1126 3533 declino
1141 3495 1159 3534 o
1177 3482 1261 3546 malo,

679 3554 705 3602 et
732 3552 798 3604 tunc
823 3551 870 3616 (uo
900 3549 1015 3614 bonum,·
1045 3549 1139 3621 prius,
1155 3554 1263 3621 quiesce

680 3636 759 3689 agere
782 3636 917 3691 peruerse,
931 3626 956 3675 et
978 3626 1044 3676 tunc
1061 3622 1135 3676 disce
1150 3623 1262 3690 beneso-

678 3708 745 3746 eere.
760 3695 840 3760 b'am,
858 3696 888 3747 ut
897 3690 936 3746 ait
950 3693 1132 3759 Augustinus,
1146 3708 1203 3748 non
1215 3709 1264 3748 no·

679 3762 722 3819 bis
740 3762 826 3817 inl'ert
842 3765 915 3817 Deus
938 3763 1016 3818 bona
1039 3779 1101 3831 sua,
1114 3761 1167 3818 nisi
1188 3763 1263 3820 mala

680 3835 772 3889 aulert
787 3839 896 3902 nostra3
912 3838 941 3889 et
956 3836 984 3889 in
1000 3838 1110 3890 tantuin
1131 3833 1178 3889 illa
1195 3850 1261 3890 cre-

680 3911 773 3972 scunt,
790 3903 818 3958 in
838 3911 974 3975 quantum
1000 3904 1055 3961 ista
1079 3903 1261 3976 niiiiuuntur;

681 3992 733 4033 nec
749 3976 796 4032 illa
813 3976 1004 4047 perficientur,
1020 3975 1074 4032 nisi
1089 3976 1143 4031 ista
1157 3975 1264 4032 liiiian·

681 4052 736 4103 tur.
754 4048 833 4116 ltem,
850 4055 945 4103 monet
960 4054 991 4103 ut
1004 4055 1149 4116 tamquam
1163 4047 1263 4104 lldelos

682 4124 709 4174 et
728 4120 882 4190 prudentes
905 4136 937 4175 ac
954 4118 990 4174 de
1016 4128 1113 4198 nostra
1133 4119 1262 4176 custodia

681 4190 793 4246 solliciti
818 4196 846 4247 el
865 4190 971 4262 vigiles,
996 4189 1146 4246 Dominum
1168 4206 1186 4247 a
1209 4207 1262 4247 nu·

681 4262 747 4335 ptiis
764 4262 794 4318 in
816 4263 886 4320 coelo
908 4275 961 4334 per
979 4259 1187 4332 copulationem
1206 4264 1263 4319 An·

681 4333 810 4409 gelorum
836 4332 918 4394 laetis
943 4336 1143 4408 revertentem,
1168 4333 1197 4389 id
1223 4338 1266 4391 est
