2820 4928
151 354 200 421 tti

153 471 207 527 mis
221 486 321 538 caesus,
334 468 494 526 crucifixus.
511 473 592 525 aceto
604 472 735 539 potatus;
763 470 766 609 Ι

171 543 313 599 aradisum
330 542 409 597 vobis
424 540 532 610 aperui,
548 556 665 611 rognum
679 556 737 597 coe-

151 560 244 671 iorum
271 613 351 671 robis
379 612 479 677 obtuli,
510 612 645 684 Spiritum
666 615 736 670 Sun-

150 693 225 741 ctum
243 687 322 741 robis
338 685 413 754 misi,
428 684 496 756 quid
513 690 584 740 ultra
595 684 680 740 debui
693 701 739 739 vo·
762 666 765 739 l

149 756 194 812 bis
220 757 326 825 lacero,
347 764 375 813 ct
403 774 461 813 non
494 756 569 811 leci?
596 755 737 812 Humilem
761 748 764 839 J

148 829 456 910 voluntatemvestram
470 828 646 884 solummodo
660 844 737 900 quae·
761 842 764 847 ·

150 901 214 969 sivi,
229 918 287 957 non
303 918 353 959 vos
368 900 461 971 coegi,
478 916 512 956 ne
536 916 622 956 causa
634 907 736 956 vestrae

150 974 249 1029 salutis
263 980 339 1030 osset
355 973 467 1030 occasio
485 970 670 1036 necessitatis.
688 971 737 1027 ui-

149 1044 204 1101 cite
217 1045 298 1113 mihi,
332 1051 476 1103 eccatores
496 1044 651 1100 secundum
672 1059 735 1100 car·
760 1070 763 1085 =

310 1062 657 1186 bilesaemortalesouid
674 1132 736 1187 pas·

758 2884 762 2929 l

148 1134 215 1174 nem
231 1133 306 1190 passi

149 1189 173 1246 si
190 1190 258 1246 ostis
272 1198 388 1263 proptor
402 1205 446 1245 me
460 1187 673 1245 Domiuatorem
691 1204 736 1244 ve·

149 1266 251 1328 strum,
269 1262 411 1333 quietiam
426 1259 609 1328 impassibilis
622 1276 673 1331 pro
684 1275 735 1316 vo-

148 1333 191 1390 bis
207 1350 308 1406 passus
325 1333 409 1389 sum?
424 1355 438 1383 o
455 1334 515 1388 lime
534 1334 663 1403 prrem.

183 1411 199 1461 ὅ
226 1409 282 1463 Ceu
313 1424 340 1460 iu
367 1423 486 1460 sscuruo
511 1420 634 1459 siirnuru
658 1404 736 1459 Cnni·

148 1494 212 1533 scus
236 1496 266 1532 sn
293 1494 430 1532 ciocsnun
459 1493 566 1531 ceucris
589 1492 734 1542 rnsnnnir,

146 1564 198 1604 cuii
227 1565 407 1603 cicnrnicisus
435 1547 604 1602 runsnnuu'?
636 1578 669 1587 -
698 1550 735 1603 nt

146 1623 213 1674 tunc
241 1621 375 1674 videbunt
405 1618 495 1674 oculis
525 1617 733 1689 corporalibus,

146 1696 204 1745 tam
223 1690 321 1745 fideles
346 1705 432 1759 qnam
460 1688 602 1756 infideles,
629 1691 734 1744 Filium

146 1763 265 1817 bominis
290 1760 427 1832 inspecte
452 1761 587 1826 bumana,
607 1762 675 1830 quia
704 1759 733 1816 in

144 1833 237 1889 forma
250 1834 372 1889 bomini<
384 1831 533 1905 judicabit.
547 1831 625 1888 Unde
638 1834 735 1900 Aaou·

147 1909 238 1961 stinos
259 1925 267 1960 :
285 1925 299 1958 o
317 1903 393 1960 Visio
410 1904 513 1975 quippe
529 1903 588 1959 Filii
610 1903 733 1959 bominis

146 1977 295 2034 exhibetur
311 1982 340 2033 et
355 1975 446 2037 malis.
461 1992 527 2032 uam
543 1976 613 2031 risio
634 1976 733 2031 lormae

147 2049 197 2105 uei
212 2067 269 2106 non
286 2049 338 2105 uisi
351 2048 465 2106 mundis
477 2048 580 2104 corde:
598 2050 733 2115 Quiiotum

146 2124 203 2191 ipsi
229 2126 314 2177 Deacm
331 2123 472 2176 eiciebant.
496 2122 528 2174 Et
543 2120 609 2191 quia
632 2119 732 2174 Filium

148 2192 197 2247 Dei
211 2193 377 2258 secuudum,
395 2193 423 2247 id
440 2191 514 2262 quod
532 2193 558 2246 in
575 2193 665 2246 lorma
683 2192 731 2247 Dei

150 2261 267 2333 aequalis
281 2269 324 2318 est
345 2261 432 2331 Patri,
450 2262 545 2317 ridere
567 2261 656 2333 iniqui
675 2279 732 2318 non

149 2341 281 2406 possunt,
306 2338 418 2405 oportet
433 2342 528 2389 autem
557 2341 588 2389 ut
602 2334 732 2390 Judiccm

146 2404 275 2461 virorum
300 2414 329 2460 et
348 2411 524 2461 mortuorum
551 2422 647 2461 coram
676 2422 732 2476 quo

143 2476 357 2549 judicabuntur,
373 2483 403 2533 et
416 2476 483 2549 J'usti
509 2477 621 2533 videant
636 2484 664 2533 et
678 2477 732 2533 iui-

145 2548 204 2622 qui,
219 2551 282 2605 icleo
297 2549 446 2619 oportebat
460 2556 489 2605 ut
508 2548 593 2605 Filius
609 2549 732 2605 bominis

145 2626 288 2694 acciperet
307 2619 489 2693 judiciariam
515 2626 697 2748 potestatem.
715 2642 729 2672 o

145 2694 224 2750 Unde
244 2698 272 2749 et
286 2694 361 2749 Beda
383 2713 391 2749 ε
411 2718 424 2742 «
449 2695 488 2749 Ea
526 2710 606 2749 orma
634 2693 731 2750 electis

144 2764 303 2838 apparebit,
321 2782 378 2837 qua
398 2766 426 2820 in
455 2770 550 2820 monle
579 2767 729 2837 apparuil;

144 2839 272 2908 reprobis
291 2853 358 2893 vero
389 2836 418 2893 in
446 2853 479 2892 ca
498 2837 598 2903 lorma,
630 2853 686 2909 qua
703 2840 730 2892 ln

145 2925 227 2965 cruce
237 2910 383 2981 pependit.
404 2930 418 2959 u
434 2908 587 2973 Videbunt,
603 2911 730 2980 inquam,

72 2988 75 2993 “
146 2998 211 3038 euin
223 2986 374 3038 uenientem
389 2982 424 3036 ad
439 2980 577 3052 judicium
600 2983 629 3036 io
648 2982 730 3036 nubt-

148 3054 197 3109 bus
212 3055 280 3121 coti,
297 3056 369 3110 sicut
388 3052 415 3108 iu
431 3054 504 3109 uube
521 3051 659 3121 ascendit,
675 3051 729 3109 sci·

147 3123 251 3182 licetin
267 3142 332 3181 aere
349 3127 533 3196 supcclocum
545 3125 619 3181 uude
631 3141 729 3181 ascen·

146 3195 198 3254 dit.
213 3197 291 3253 Unde
303 3199 510 3266 chrysostomus
525 3214 558 3252 :o
570 3196 640 3264 Quia
653 3195 729 3252 euim

145 3269 219 3323 sieut
232 3268 262 3323 iu
274 3268 389 3323 Actibus
400 3269 597 3339 Apostolorum
609 3268 729 3340 legitur:

146 3340 239 3396 Nubes
253 3343 374 3410 suscepit
387 3341 605 3396 ittomobocolts
620 3357 728 3409 eorom3

145 3413 174 3463 et
184 3409 241 3464 illie
254 3408 361 3465 dictum
377 3416 420 3463 cst
431 3412 467 3467 ab
480 3412 596 3481 Angelis
610 3431 618 3467 ε
635 3414 680 3469 Sto
691 3429 731 3467 ve·

144 3482 452 3551 rtiet,qucmodmodum
478 3484 591 3538 uidistis
616 3500 677 3538 eum
696 3501 729 3539 o-

143 3553 314 3607 secedentem
327 3554 355 3606 to
372 3554 477 3619 cotom,
488 3552 590 3608 merito
607 3554 729 3611 creden·

141 3623 194 3680 dus
214 3629 265 3687 est,
284 3640 339 3679 nou
356 3622 448 3679 solum
465 3622 494 3679 in
515 3625 614 3681 eodem
630 3642 727 3699 corpo-

140 3712 171 3752 re
188 3713 244 3769 quo
260 3694 398 3765 ascendit,
410 3712 510 3753 verum
523 3696 607 3755 etiam
624 3697 654 3754 in
678 3717 727 3757 nu-

138 3768 173 3826 be
193 3776 338 3826 venturus.
369 3789 383 3819 o
415 3770 494 3825 Unde
519 3775 548 3826 ct
567 3772 722 3840 Oripcues:

139 3861 153 3893 o
170 3841 248 3898 Sicut
262 3856 296 3897 eo
311 3841 484 3897 ascendente
499 3843 527 3898 in
541 3843 654 3907 coelum,
677 3860 725 3900 nu·

135 3913 266 3970 bessum
293 3912 368 3981 tulit,
390 3918 507 3984 proptcr
532 3916 666 3970 tumorem
686 3930 723 3970 a-

135 3987 316 4053 scendentis;
336 3987 375 4041 ita
390 4000 455 4040 eum
471 3984 579 4040 deleret
591 3988 626 4041 act
639 3985 722 4057 judi-

134 4058 219 4112 cium.
241 4057 374 4114 »Veniet
392 4064 488 4114 autern
509 4073 569 4111 curu
587 4063 720 4136 potestate

133 4144 255 4198 mopso:
273 4129 383 4211 primus
399 4128 476 4185 euim
492 4127 597 4184 Christi
610 4129 717 4185 adven-

133 4202 178 4256 lus
201 4202 252 4256 luit
272 4217 300 4256 m
319 4200 512 4257 ostensionem
532 4199 716 4266 infirmitatis,

133 4272 274 4328 scciiudus
286 4272 340 4328 crit
354 4272 382 4328 in
398 4270 587 4330 ostensionem
595 4277 718 4344 potesta-

134 4343 180 4412 tis,
196 4349 221 4399 et
242 4344 398 4415 majestate,
422 4344 452 4402 id
466 4349 510 4402 est
521 4344 613 4419 gloria
626 4361 633 4417 ;
649 4349 716 4404 tunc

486 350 642 415 saturon
668 349 791 417 rsurls
817 351 923 417 ttrur
951 350 1050 415 xtrlt

795 465 1189 525 enimtolusCliristuscurn
1200 467 1369 552 membrisplo

794 540 886 596 riosus
900 539 1070 612 apparebit,
1080 539 1204 596 indutus
1215 541 1311 599 lumine
1320 550 1371 600 sicut

794 609 1371 685 vestimentovcniet.iuquitEransclista

794 701 854 740 eum
869 687 974 740 virtute
984 686 1082 738 matta
1099 690 1131 739 et
1150 690 1290 754 potestate
1300 696 1373 743 contra

795 755 935 824 inimicos,
945 756 981 812 ad
992 754 1188 827 puniendum
1205 762 1233 814 et
1247 758 1375 830 deprimes

794 828 860 884 dum
873 844 933 892 eos,
948 843 981 883 ac
994 826 1096 898 gloria
1109 843 1225 899 magna
1238 836 1264 885 et
1276 830 1376 900 majesta

792 904 830 967 te,
848 906 963 971 proptor
976 900 1074 955 bonos
1089 900 1131 955 ad
1143 901 1346 972 praemiandum
1358 910 1377 959 et

792 969 1016 1043 glorificandum
1030 974 1114 1042 ipsos
1130 989 1138 1027 :
1154 977 1187 1028 ut
1206 973 1255 1045 qui
1269 973 1296 1029 in
1307 974 1376 1046 prino

792 1043 914 1099 adventu
935 1043 1027 1109 venit,
1049 1048 1080 1099 nt
1101 1059 1221 1113 servuS,
1238 1061 1301 1100 cum
1316 1044 1376 1101 inlir·

794 1114 892 1171 mitate
908 1119 936 1169 ct
948 1113 1133 1183 bumilitate,
1156 1115 1188 1172 in
1213 1117 1375 1173 secundove

792 1185 862 1250 niat,
878 1192 910 1242 ut
923 1185 1079 1255 Dominus,
1101 1203 1173 1243 cum
1190 1188 1373 1245 birtitudinect

792 1258 870 1327 regia
895 1258 1057 1327 blujestote.
1083 1259 1172 1315 Unde
1192 1259 1235 1316 ait
1256 1262 1372 1331 Cprttliu:

792 1351 807 1381 «
824 1329 948 1385 Primam
963 1328 1042 1384 cuim
1061 1345 1124 1401 app
1136 1331 1286 1389 iritionem
1299 1348 1372 1405 prose

791 1407 874 1458 cutus
888 1405 931 1457 est
947 1416 1014 1456 cum
1036 1400 1222 1460 infirmitate
1239 1412 1266 1461 et
1284 1403 1373 1460 bumili-

792 1478 849 1528 tate
862 1480 969 1540 nostra,
984 1472 1036 1528 sed
1050 1475 1224 1532 secundam
1248 1477 1372 1533 celebrabit

792 1561 855 1600 cum
867 1546 982 1617 propria
996 1548 1150 1617 potestate
1163 1552 1193 1603 et
1209 1552 1371 1617 majestate.»

792 1617 870 1672 Unde
885 1623 913 1673 et
927 1617 1104 1685 Ureporius:
1123 1640 1139 1670 i<
1157 1619 1191 1675 ln
1212 1624 1372 1692 potestateet

791 1689 940 1759 majestate
955 1686 1041 1743 visuri
1057 1694 1133 1745 sunt
1148 1707 1240 1762 quem
1261 1695 1288 1748 in
1301 1691 1372 1748 buni-

790 1758 868 1815 litnle
891 1758 1016 1832 positum
1039 1761 1149 1818 audire
1172 1764 1332 1832 noluerunt,
1349 1768 1370 1819 nt

790 1830 923 1889 virtutem
940 1834 1002 1900 ejus
1029 1836 1118 1889 tanto
1139 1838 1215 1891 tnnc
1240 1835 1370 1892 districtius

790 1903 924 1967 sentiant,
939 1908 1048 1974 quanto
1065 1921 1148 1962 nune
1171 1908 1312 1964 cervicem
1327 1924 1370 1963 cor

790 1974 1368 2047 ‹iisadojuspatienttamnoniiictinanti

791 2048 869 2102 Unde
884 2055 911 2103 et
925 2049 1164 2116 ctrysostomos:
1190 2074 1205 2102 o
1225 2052 1254 2109 Si
1268 2052 1368 2123 quando,

790 2134 837 2174 rex
851 2126 981 2175 terrenus
996 2134 1174 2191 processum
1189 2123 1320 2195 aliquem,
1333 2126 1368 2179 ant

789 2190 998 2261 expeditionem
1014 2193 1139 2248 mandat
1158 2193 1190 2249 iu
1207 2196 1317 2267 populo.
1334 2195 1365 2251 di·

789 2263 912 2333 gnitates
929 2278 1029 2319 omnes
1045 2271 1218 2335 morentur,
1234 2271 1263 2323 et
1275 2264 1363 2323 exerci-

791 2340 833 2390 tus
850 2338 995 2396 excitatur,
1011 2340 1133 2407 totaque
1155 2337 1260 2395 civitas
1274 2340 1363 2407 lerret;

790 2412 895 2488 quanto
922 2405 1011 2488 magis
1038 2408 1118 2488 Rege
1153 2411 1267 2467 coelesti
1285 2426 1365 2468 emur·

789 2484 871 2548 gente
884 2478 1013 2548 judicare
1026 2494 1107 2535 vivos
1123 2486 1154 2537 et
1170 2490 1309 2549 mortuos,
1320 2484 1365 2538 tiu·

788 2556 862 2606 tutes
881 2549 1017 2620 angelicae
1034 2556 1308 2629 commovebuntur,
1324 2559 1365 2611 ter

788 2621 886 2678 ribiles
908 2621 1041 2689 ministri,
1058 2623 1268 2684 terribiliorem
1290 2626 1365 2684 ttoni·

789 2709 856 2749 niun
885 2692 1099 2764 procedentest
1127 2699 1205 2754 Ante
1225 2699 1365 2771 ipsunpro

788 2764 968 2821 candelabris
985 2766 1097 2838 lulgura
1114 2767 1182 2826 viva
1209 2771 1364 2842 praecedent,

788 2842 817 2893 et
830 2853 881 2908 pro
896 2835 970 2892 tubis
984 2838 1131 2895 horrenda
1140 2840 1271 2900 tonitrua
1284 2841 1364 2899 rocile

789 2910 900 2965 rabant.
912 2908 1009 2976 Qualis
1022 2926 1082 2979 rex,
1096 2912 1167 2968 talis
1183 2919 1228 2969 est
1238 2928 1363 2986 praepara·

787 2980 827 3037 tio
848 2980 947 3053 regis:
968 3003 982 3030 i
1003 2981 1065 3037 haec
1089 2981 1316 3054 chrysostomus.
1330 2984 1360 3041 Fi·

789 3053 843 3109 lius
858 3068 926 3133 ergo
948 3052 1073 3109 hominis
1088 3052 1121 3109 in
1133 3056 1247 3126 iudicio
1261 3072 1360 3131 appare

789 3126 840 3192 bit,
857 3141 924 3196 quia
951 3123 1069 3195 dignum
1090 3133 1135 3181 est
1161 3134 1191 3183 ut
1212 3129 1276 3211 ipse
1296 3128 1361 3186 Filius

788 3195 849 3264 Dei,
865 3194 955 3268 quiin
969 3196 1062 3276 lorma
1076 3197 1209 3256 hominis
1218 3203 1319 3274 injuste
1327 3200 1359 3271 ju·

789 3267 899 3325 dicatus
913 3272 964 3336 est,
980 3282 1009 3322 in
1025 3268 1130 3325 eadem
1143 3270 1241 3329 lorma
1259 3272 1360 3330 hominis

787 3338 936 3411 injudicio
949 3340 1026 3409 iuste
1038 3339 1160 3411 judicet.
1177 3344 1214 3400 Et
1233 3344 1263 3401 in
1291 3357 1358 3401 carne

787 3413 849 3482 ejus
861 3410 1031 3468 videbuntur
1046 3410 1198 3471 cicatrices
1216 3417 1357 3482 rulnerun,

786 3488 817 3539 ut
831 3482 945 3539 videant
958 3483 1071 3555 reprobi
1088 3486 1119 3541 in
1137 3503 1229 3557 quem
1248 3503 1356 3561 pupuge·

786 3559 862 3612 runt.
884 3555 964 3612 Unde
983 3556 1023 3610 ait
1042 3555 1118 3612 idem
1140 3560 1354 3629 chrysostomus:

787 3649 802 3680 «
826 3626 948 3685 Vulnera
968 3626 1100 3696 servarit,
1121 3635 1154 3686 ut
1170 3631 1203 3687 in
1218 3631 1265 3687 die
1274 3626 1355 3704 judicii

783 3698 935 3771 proficiant
957 3698 994 3754 acl
1010 3698 1211 3760 testimonium
1234 3699 1355 3761 Passionis

784 3776 884 3826 contra
897 3771 1022 3837 ludaeos,
1039 3776 1067 3826 et
1090 3788 1196 3831 omnes
1219 3775 1267 3849 qui
1287 3775 1352 3831 dene

782 3847 882 3915 gaules
896 3842 997 3898 Filium
1017 3844 1066 3899 Dei
1084 3845 1255 3904 crucifixum
1267 3847 1294 3903 in
1305 3859 1350 3901 cor·

783 3929 849 3982 pore
861 3914 1018 3985 judaizant.
1031 3936 1044 3967 u
1061 3916 1095 3970 Et
1108 3922 1176 3974 tune
1192 3919 1249 3976 vivi
1262 3916 1348 3990 rapien
1399 3930 1403 3941 ¹

780 3990 826 4041 tur
849 3984 952 4057 aliqui,
976 4001 1040 4042 curn
1058 3988 1200 4047 Dominus
1220 3990 1346 4057 venietur
1403 4004 1406 4021 ·

778 4056 891 4113 dicatur
903 4058 1031 4128 iudicare
1045 4058 1125 4116 rivos
1138 4067 1167 4118 et
1183 4068 1312 4131 mortuos,
1322 4070 1344 4114 tt
1400 4114 1403 4121 .

776 4130 791 4185 J
795 4130 866 4186 udex
881 4129 1010 4186 rivorum
1023 4134 1051 4187 et
1065 4138 1256 4192 mortuorum.
1269 4136 1343 4204 Este
1401 4164 1406 4195 ·.

777 4203 900 4258 cundum
919 4205 1121 4273 Aeposttnom,
1140 4205 1197 4264 illic
1218 4215 1280 4265 tune
1296 4216 1343 4261 no·
1401 4206 1406 4219 '

775 4281 894 4342 riantur,
909 4282 938 4330 et
951 4273 981 4330 in
992 4283 1140 4337 momento
1153 4278 1343 4337 resuscitabit

775 4345 1053 4421 tuaqotastototom
1062 4348 1341 4412 otoomootmto
1400 4372 1406 4447 ¹!
