2820 4928
140 375 182 427 180
471 367 628 422 SECUNDAE
657 369 773 420 l'hllTlS
801 366 903 419 tlhl'lIT
932 366 1039 417 xltl'tt

138 478 245 535 inridet
271 490 346 533 caeca
371 475 465 545 turba,
482 474 548 545 quia
570 479 636 599 post
659 490 724 531 eum

138 551 199 607 abit
225 548 357 608 mundus,
385 562 436 618 per
463 561 549 615 quem
581 549 661 601 actus
681 551 725 603 est

136 620 279 678 mundus?
303 618 369 674 Vult
394 622 489 673 aulem
507 618 724 687 chrysostomus,

135 693 210 762 quod
234 691 295 746 baec
319 696 384 746 sunt
406 689 493 744 verba
514 688 724 745 Pharisaeorum

136 761 325 829 credentium,
345 759 455 817 occulte
479 766 587 827 lamen,
608 765 725 831 propter

135 839 243 890 metum
270 834 450 900 Judaeorum;
480 836 508 886 et
528 831 604 903 qnod
625 831 724 912 dicunt

135 906 199 972 hoc,
211 910 241 961 ut
251 906 431 961 retraherent
441 919 514 959 eoso
528 908 723 975 persecutione

134 975 248 1036 Christi.
260 979 297 1032 hc
309 975 332 1032 si
346 975 490 1032 dicerent:
502 975 722 1041 Quiantnmcum·

134 1064 190 1120 que
204 1046 477 1116 insidiamini,tanto
492 1045 538 1101 hie
553 1052 684 1116 augetur,
695 1053 723 1102 et

135 1121 227 1191 gloria
241 1121 303 1191 eius
319 1118 486 1175 intenditur.
499 1116 570 1184 Quid
583 1133 651 1188 ergo
664 1134 721 1173 uon

134 1190 272 1248 desistitis
286 1208 304 1247 a
319 1190 405 1247 tantis
419 1188 550 1245 Insidiis‘.l
567 1189 647 1256 Quod
661 1188 720 1256 eui·

136 1265 201 1320 dem
232 1265 313 1334 quasi
339 1261 415 1319 idem
442 1267 484 1317 est
511 1276 574 1317 cum
601 1259 719 1316 consilio

134 1335 308 1402 Gamalielis‚
324 1334 360 1390 de
377 1350 431 1405 quo
452 1333 574 1389 habetur
593 1333 621 1386 in
641 1332 718 1387 Acti-

133 1407 197 1462 bus
213 1411 249 1463 El
264 1406 378 1487 quidem
398 1407 599 1460 Pharisaeorum
612 1404 646 1457 de
660 1409 720 1458 tur·

136 1479 188 1545 his,
206 1494 238 1533 ex
263 1477 370 1532 invidia
393 1490 479 1545 qnam
503 1479 603 1530 oontra
626 1474 719 1600 ipsum

134 1552 334 1617 conceperant,
359 1545 538 1601 devotionem
562 1546 660 1616 popul
683 1547 718 1602 ad

132 1616 719 1686 Dominumvidore,etlaudemeJusaudi-

131 1707 162 1745 re
178 1706 235 1745 non
251 1689 389 1755 ualentes,
408 1688 539 1743 deserunt
554 1687 591 1741 ud
608 1689 688 1743 illum
709 1706 716 1744 :

130 1763 275 1829 Mopister,
287 1763 400 1830 increpo
413 1764 441 1814 et
451 1757 551 1814 cohibe
566 1760 718 1827 discipulos

130 1838 201 1901 tuos,
224 1839 252 1887 et
271 1833 371 1887 turbas
388 1837 415 1887 le
439 1829 596 1886 laudantes.
623 1830 717 1903 blagi-

131 1909 221 1960 strum
230 1908 341 1967 rocanl.
350 1918 434 1975 quem
445 1907 538 1957 lamen
550 1900 603 1973 ipsi
615 1902 717 1960 docere

130 1977 241 2032 volunt.
260 1974 345 2042 Quasi
361 1974 511 2031 dicerent:
530 1973 558 2031 Si
578 1979 608 2030 tu
624 1977 717 2045 justus

130 2049 263 2105 othonus
279 2063 367 2114 esses,
381 2046 466 2102 talem
484 2046 652 2128 applausum
668 2064 715 2103 su·

129 2124 235 2175 struere
253 2136 310 2175 non
330 2119 458 2173 deberes.
480 2118 601 2173 Vileseat
621 2119 650 2173 in
668 2135 716 2174 ore

132 2195 245 2246 luorum
269 2189 330 2245 laus
353 2195 412 2255 tua,
432 2188 496 2243 ideo
519 2204 568 2243 eos
591 2192 714 2260 increpa.

132 2259 184 2315 Ubi
198 2261 272 2315 Beda
286 2279 294 2314 :
308 2282 322 2310 t<
336 2258 407 2313 lllira
420 2258 585 2314 tudem-um
602 2260 716 2314 domeu-

132 2331 182 2399 tia,
204 2345 287 2399 quein
320 2328 489 2398 magistrum
515 2330 715 2400 appellandum

130 2416 188 2456 non
216 2400 358 2468 dubitant,
379 2399 445 2470 quia
473 2415 540 2455 vera
567 2401 715 2458 docentem

131 2477 281 2532 noverant.
297 2472 381 2542 hujus
399 2472 451 2540 ipsi
468 2470 621 2541 discipulos
637 2474 715 2544 quasi

129 2542 716 2613 meliusedoctiredarguendosantumaot

128 2632 251 2687 eumque
266 2613 420 2687 corrigere,
433 2631 505 2686 quos
520 2613 651 2683 instituit,
667 2634 713 2673 su-

127 2688 225 2754 adent,
250 2703 336 2758 quem
364 2685 453 2758 signis
479 2689 713 2757 approbantibus,

128 2760 218 2816 Deum
232 2759 388 2815 clarescere
398 2756 509 2814 rident:
524 2779 537 2809 u
556 2760 616 2815 liaeo
627 2761 711 2816 Reda.

128 2830 270 2887 Dolebant
285 2829 330 2886 isti
346 2830 382 2886 de
397 2829 529 2886 laudibus
544 2830 645 2887 Christi
663 2849 669 2888 :
686 2839 714 2888 et

126 2904 222 2982 primo
244 2905 278 2958 de
298 2903 362 2970 hoe,
377 2902 453 2973 quod
473 2903 564 2957 turbae
580 2901 714 2958 dicebant

128 2989 222 3046 ipsum
237 2975 429 3042 benedictum,
442 2989 506 3029 cum
525 2972 578 3043 ipsi
599 2980 712 3044 reputa-

128 3051 193 3101 rent
204 3063 268 3102 eum
285 3051 477 3118 poccatorem3
495 3047 631 3113 secundo,
647 3046 714 3115 quia

128 3118 220 3174 turbae
235 3117 367 3173 dicebant
378 3132 443 3172 eum
458 3119 574 3188 liegem,
584 3134 647 3173 cum
659 3117 712 3188 ipsi

128 3195 294 3258 reputarent
325 3203 390 3243 eum
423 3188 505 3243 valde
539 3188 711 3257 ignobilem·

127 3257 224 3328 tertio,
236 3257 304 3330 quia
319 3259 409 3313 turbae
428 3257 560 3314 dicebant
579 3276 643 3316 eum
660 3277 713 3316 ie-

126 3326 203 3384 nisse
218 3328 375 3384 innomine
392 3327 513 3397 lloniini,
525 3346 588 3385 cum
602 3330 655 3399 ipsi
671 3348 715 3388 re·

126 3403 262 3471 putarent
286 3415 350 3454 eum
371 3415 428 3454 non
454 3415 516 3454 esse
541 3417 558 3455 a
581 3403 650 3469 Deo,
668 3404 712 3458 rel

126 3470 713 3542 missumabeo.Quibusipserespondens

125 3543 178 3607 ott,
198 3546 226 3596 et
251 3540 473 3612 prophetizando
501 3543 535 3597 de
561 3542 654 3597 futuro
681 3560 710 3601 se

124 3610 336 3669 rationabiliter
354 3611 498 3669 excusavit
517 3630 523 3669 :
541 3616 607 3668 Dico
622 3615 708 3680 vohis,

124 3686 708 3758 quiesihituouerint,lepidesolumohunt3

123 3757 198 3828 quod
221 3763 249 3813 et
268 3757 374 3813 lactum
396 3762 448 3812 est.
466 3759 534 3813 Nam
555 3773 639 3828 quem
659 3758 708 3815 ho·

121 3829 214 3885 mines
234 3828 278 3884 vel
299 3827 411 3894 timore,
432 3828 476 3884 rel
499 3829 619 3900 perfidia
634 3846 708 3885 enn-

120 3900 197 3957 fiteri
223 3898 425 3972 trepidabant;
451 3900 527 3955 launo
556 3901 708 3959 durissima

121 3971 705 4043 etiamelementaaperlepraedicaverunt.

120 4043 262 4100 Crucihxo
278 4046 355 4101 enim
371 4043 502 4110 Domino,
518 4043 664 4112 discipulis
679 4051 707 4102 et

111 4116 197 4176 notis
211 4117 282 4187 eius,
307 4133 366 4198 pree
393 4120 494 4172 timore
514 4118 661 4186 repressis,
678 4124 707 4173 et

121 4184 235 4243 laudem
248 4188 352 4245 Christi
368 4187 536 4255 tacentibus,
548 4196 621 4241 tero
631 4194 704 4243 rnatu

121 4262 171 4321 est,
183 4263 209 4313 et
219 4264 303 4329 petre
315 4264 406 4317 scisse
415 4265 521 4321 suntet
531 4265 704 4316 ruoumnunta

121 4333 219 4400 aperto
232 4334 297 4386 saut
305 4349 315 4399 3
331 4333 411 4404 quasi
425 4331 608 4405 perhibentes
623 4331 703 4388 testi-

782 471 908 528 monium
918 470 1080 528 sanctitatis
1094 470 1190 542 ipsius
1200 472 1306 529 Chm'sti
1319 489 1370 529 mo·

780 543 892 612 mentis,
911 559 976 600 eum
998 544 1091 600 Deum
1111 550 1144 600 et
1168 543 1262 601 totins
1286 544 1372 600 mundi

781 615 931 672 Dominum
950 615 1117 671 clamabant
1134 620 1167 671 et
1182 617 1373 686 protestaban-

781 696 837 742 tur.
849 690 879 743 ln
890 704 945 757 quo
955 691 1076 758 apparet
1086 686 1206 743 dirritia
1218 689 1233 744 J
1237 687 1373 745 udaeorun

781 765 809 814 et
827 758 985 817 liominum.
999 756 1068 829 quia
1087 757 1244 815 elementa
1264 776 1374 831 compa-

781 831 892 886 tiuntur
906 828 1034 886 Creatori
1045 846 1112 895 suo,
1123 837 1155 886 et
1169 836 1373 901 recognoscunt

780 916 854 957 eum.
871 901 919 957 Vel
934 900 1051 973 mystice
1066 917 1073 956 :
1089 903 1126 958 St
1140 905 1288 958 tumuerint
1301 905 1337 965 ht,
1351 903 1374 959 id

780 980 823 1029 est
837 973 939 1040 ludaei,
952 973 1071 1043 lapides,
1086 971 1120 1027 id
1137 981 1185 1030 est
1201 974 1331 1030 Gentiles
1342 976 1371 1030 ad

779 1045 896 1099 modum
914 1043 1016 1116 lapidis
1033 1043 1202 1114 durissimi,
1224 1047 1370 1101 clamatum

780 1115 877 1172 laudes
895 1115 1012 1184 Christi,
1024 1115 1104 1186 quod
1119 1116 1238 1173 tactum
1257 1123 1300 1175 est
1311 1134 1366 1174 nor·

779 1193 827 1243 tuo
843 1187 964 1254 Christo,
978 1190 1056 1258 quia,
1069 1188 1085 1243 J
1089 1187 1187 1244 udaeis
1199 1191 1293 1246 mutis
1301 1188 1367 1245 lactis

777 1258 891 1316 alaude
907 1260 978 1329 eius,
993 1258 1122 1314 Gentiles
1137 1259 1189 1331 qui
1209 1260 1288 1323 duri.
1302 1259 1368 1317 steri·

777 1329 828 1395 les,
844 1335 872 1386 ot
891 1329 1059 1386 intructuosi
1077 1337 1179 1399 erant,
1198 1347 1236 1388 ac
1256 1332 1368 1405 liguaet

776 1401 885 1472 lapides
900 1402 1070 1469 adorabant,
1086 1404 1125 1457 ad
1140 1404 1295 1459 Christum
1305 1420 1368 1460 con-

776 1472 848 1529 versi
857 1473 1366 1545 ipsumlaudabantetpraedicabant

776 1544 909 1601 Centurio
924 1544 999 1601 eloim
1016 1544 1121 1611 etalii,
1138 1545 1191 1616 qui
1208 1554 1297 1604 erent
1311 1563 1367 1604 cum

776 1633 819 1682 eo,
829 1616 897 1672 visis
905 1621 947 1672 tot
959 1615 1262 1687 signis,sanetilatem
1273 1617 1366 1676 Christi

775 1688 896 1744 confossi
917 1696 993 1759 sunt,
1013 1687 1145 1744 dicentes
1165 1707 1173 1744 :
1196 1693 1270 1748 Vere
1287 1691 1368 1747 Filius

774 1762 897 1816 Deteret
912 1763 984 1827 iste3
1050 1776 1114 1814 vere
1127 1762 1175 1816 hie
1188 1762 1272 1818 horim
1282 1762 1367 1833 justus

774 1837 844 1895 erut,
865 1831 991 1902 quotidie
1018 1830 1146 1887 Gentiles
1178 1832 1365 1902 dementat

774 1901 802 1956 in
813 1902 917 1958 Christi
929 1903 1032 1959 virtute
1041 1902 1164 1959 laudare
1176 1920 1241 1960 non
1251 1910 1364 1971 cessant,

773 1973 878 2030 ludaeis
902 1990 935 2031 ex
961 1990 1064 2046 magna
1090 1982 1176 2043 parte
1204 1977 1320 2033 caecatis
1341 1982 1364 2032 et

775 2044 887 2101 laudem
902 2046 1005 2103 Christi
1021 2045 1199 2103 tacentibus
1212 2048 1265 2105 Vel
1280 2062 1364 2105 mora·

773 2115 838 2172 liter
855 2134 862 2173 z
879 2119 910 2175 St
930 2121 1063 2174 tecam'nt
1081 2119 1122 2180 ht,
1141 2118 1174 2174 id
1196 2123 1244 2176 est
1265 2119 1362 2186 clerici,

774 2189 891 2258 tepidos,
916 2188 945 2244 id
971 2198 1012 2245 ost
1035 2188 1111 2257 laici,
1138 2191 1317 2261 clamabunt,
1338 2196 1362 2247 et

774 2262 864 2316 Deum
897 2259 978 2316 bonis
1009 2260 1146 2332 operibus
1184 2262 1356 2327 laudabunt;

773 2332 949 2402 quodetiam
970 2330 1095 2402 quotidie
1112 2330 1143 2386 in
1159 2333 1313 2406 plerisque
1323 2331 1356 2389 si·

773 2403 873 2458 demus
887 2402 1010 2472 impleri.

810 2477 985 2546 plloermms
1001 2492 1104 2531 runnu.
1118 2505 1155 2516 -
1172 2477 1232 2533 Sed
1251 2476 1296 2533 illi
1318 2472 1354 2548 qui

772 2545 914 2602 Christum
928 2562 992 2602 cum
1007 2552 1086 2602 tauto
1104 2545 1259 2619 triumpho
1274 2564 1356 2605 susce·

771 2623 884 2742 perurit,
903 2635 960 2673 non
978 2617 1026 2675 diu
1038 2623 1103 2690 post
1117 2620 1272 2676 contraria
1286 2619 1314 2675 in
1328 2635 1356 2675 eo

783 2694 908 2744 eperunt.
926 2691 1022 2745 Turba
1036 2688 1113 2745 enim
1125 2691 1247 2747 mobilis
1262 2700 1316 2758 est,
1332 2694 1358 2747 et

771 2776 850 2815 more
863 2761 999 2818 flnctuum
1012 2767 1201 2817 etrentorum
1218 2769 1354 2827 movetur,

771 2846 853 2901 quiem
883 2832 968 2888 rriodo
988 2837 1152 2899 veneratur,
1174 2842 1281 2891 contra
1300 2849 1358 2890 eum

769 2907 867 2973 postea
884 2903 988 2959 clamart
1002 2915 1031 2960 et
1044 2903 1179 2975 insurgit.
1202 2907 1287 2963 Unde
1300 2908 1356 2962 lter

768 2975 896 3029 urseolus:
914 2994 928 3027 o
951 2976 994 3032 Ab
1010 2976 1110 3032 eodem
1125 2978 1248 3048 populo,
1267 2977 1298 3034 in
1312 2992 1354 3033 eo·

769 3045 914 3113 demtum,
926 3051 954 3102 et
967 3047 1026 3103 lore
1037 3047 1098 3117 ipso
1109 3052 1256 3119 tempore,
1268 3047 1356 3120 paucis

769 3116 867 3172 diebus
887 3117 1072 3189 interpositis,
1087 3117 1181 3188 primo
1198 3136 1265 3176 cum
1281 3126 1353 3175 tamo

769 3187 913 3258 triumpho
941 3195 1097 3262 susceptae,
1119 3195 1220 3259 postea
1249 3188 1353 3247 crucili-

768 3276 819 3315 rus
833 3265 885 3314 est.
899 3261 921 3316 0
936 3277 1022 3330 quam
1034 3260 1174 3317 dissimile
1186 3268 1232 3317 est
1247 3280 1254 3317 :
1274 3263 1351 3329 Tolle,

769 3332 843 3394 totle,
867 3335 995 3402 uuolfipo
1014 3349 1090 3403 eorm,
1117 3338 1146 3388 el
1166 3349 1173 3388 ε
1191 3335 1351 3389 Benedictus

769 3405 818 3473 qul
838 3406 912 3458 veut
926 3407 956 3458 in
968 3406 1075 3459 nornine
1089 3406 1212 3466 Dootiul,
1232 3407 1350 3461 hosoaue

768 3477 798 3529 in
826 3476 957 3530 excelsis!
982 3477 1072 3543 Quam
1103 3475 1274 3532 dissimile:
1297 3481 1348 3534 uu

766 3548 871 3614 lsl·oel;
890 3552 916 3602 el
934 3563 940 3601 :
958 3549 1018 3604 Nou
1033 3548 1165 3602 hebemus
1179 3564 1284 3616 sepem,
1298 3549 1348 3602 nist

768 3619 917 3674 Caesarem!
932 3619 1020 3685 Quam
1049 3617 1199 3687 dissimile,
1215 3620 1292 3676 rami
1312 3618 1346 3673 ri·

766 3698 863 3744 rentes
884 3697 912 3744 et
927 3705 1005 3757 crux,
1021 3691 1106 3745 liores
1133 3696 1162 3745 et
1184 3690 1292 3762 spine!
1307 3687 1348 3747 Cui

765 3759 844 3831 prius
860 3760 1028 3817 vestimenta
1038 3762 1296 3832 prosternebantur
1306 3760 1348 3817 ali·

766 3848 829 3900 ena,
845 3848 911 3887 ecce
924 3832 983 3888 suis
998 3832 1121 3900 eruitur,
1136 3837 1165 3888 el
1185 3850 1251 3890 sors
1266 3832 1346 3889 milti·

765 3907 811 3958 tur
824 3919 909 3975 super
921 3919 964 3959 ea.
977 3906 1025 3961 Va·
1039 3903 1100 3970 tibi,
1117 3905 1282 3961 auraritudo
1292 3920 1346 3976 pec·

764 3979 891 4030 calorum
905 3981 1079 4039 nostrorum,
1098 3982 1216 4047 propter
1229 3994 1294 4048 quae
1309 3975 1344 4031 di·

765 4046 868 4101 luenda
891 4050 970 4103 lente
993 4046 1154 4103 amaritudo
1184 4046 1342 4105 necessaria

763 4117 831 4173 tuiti
848 4138 862 4167 »
879 4117 941 4173 hmo
959 4119 1126 4175 Borlmrdus.

801 4212 832 4244 ιο
850 4188 907 4244 Con
929 4207 1009 4245 survi
1036 4208 1188 4248 uoerruuns
1217 4207 1340 4249 uosoesu

762 4277 919 4316 suscitemur
938 4261 1094 4319 Cuursrus?
1115 4293 1149 4302 -
1167 4264 1204 4320 Εἴ
1215 4263 1340 4336 quamvis

761 4331 888 4388 Christus
909 4348 986 4404 saepe
999 4332 1156 4392 Jerusalem
1171 4334 1338 4403 ascenderit,
