2820 4928
413 338 453 396 ΒΕ
480 340 599 396 TRIBUS
627 338 831 397 athlantis.
860 335 937 390 ata.
1258 332 1288 387 53

68 450 175 522 optime
190 447 302 506 bonitas
315 446 449 519 hominis,
469 451 580 521 quando
595 450 650 509 sci-

67 520 136 578 licet
151 521 274 579 libenter
288 521 363 577 videt
380 522 606 580 emendationem
623 528 652 580 et

68 593 276 649 correctionem
294 591 399 650 fratris.
418 593 496 651 Unde
512 597 649 665 Augusti-

67 681 156 722 nuszu
170 663 245 721 Nihil
258 663 296 721 ita
308 665 410 736 probat
421 664 650 734 spiritualemvi-

67 750 144 804 rum,
169 735 241 792 sieut
269 737 375 808 peccati
405 737 491 795 alieni
519 740 649 808 curatio;

69 822 134 864 cum
143 805 339 865 liberationem
353 808 450 880 potius
465 825 551 881 quam
563 810 653 867 insul·

69 877 216 948 tationem,
238 879 331 950 potius
344 879 452 937 auxilia
474 897 561 952 quani
577 898 650 939 con·

66 949 135 1006 vitia
148 950 318 1016 meditatum
335 957 514 1022 etquantum
530 953 652 1010 lacultas

67 1020 178 1091 tribuit,
188 1022 316 1095 suscipit.
328 1042 343 1075 u
356 1022 409 1079 Ubi
421 1025 651 1093 chrysostomus:

65 1111 81 1146 u
103 1094 168 1150 llaec
197 1110 265 1167 crgo
294 1095 433 1167 parabola
462 1095 499 1151 ad
525 1096 581 1151 hoc
611 1101 656 1152 est

66 1166 234 1236 composita,
246 1168 321 1234 quod
334 1170 499 1246 peccatores
512 1182 571 1222 uon
585 1166 657 1222 dilii-

67 1234 140 1292 dant
168 1234 284 1303 reverti,
305 1241 428 1292 scientes
451 1238 528 1307 quod
554 1252 600 1293 ma
621 1253 659 1294 na

70 1310 308 1375 consequentum
322 1308 398 1362 unde
419 1305 573 1387 introducit
587 1253 658 1364 ans

71 1377 207 1432 turbatos
219 1375 249 1431 in
265 1392 364 1433 eorum
381 1377 476 1447 bonis,
490 1393 548 1434 non
569 1384 599 1434 ut
609 1380 657 1451 ju-

71 1446 207 1503 diceteos
221 1445 310 1503 livore
321 1449 509 1518 tabescentes,
520 1449 656 1506 sedtanto

67 1517 176 1573 decore
189 1517 516 1590 honoratusredeuntes,
526 1525 556 1576 ut
566 1521 653 1578 etiam

66 1587 204 1645 invidiosi
227 1589 339 1660 possint
360 1589 424 1646 aliis
446 1591 525 1648 fleri:
543 1612 557 1644 i>
590 1593 653 1649 haec

65 1660 285 1731 chrysostomus.
297 1660 375 1717 Unde
383 1661 649 1732 dicitetlli'onusi'us:

65 1750 81 1786 u
115 1734 186 1788 Vere
215 1731 347 1804 optimus.
380 1736 409 1789 et
436 1733 650 1806 superoptimus

62 1804 149 1861 Jesiis
163 1802 300 1872 Christus,
313 1801 361 1875 qui
374 1803 562 1862 redeuntibus
573 1823 650 1865 ama-

65 1872 155 1930 bilem
171 1889 200 1932 se
215 1874 344 1942 exbibet3
361 1876 560 1934 accedentibus
579 1894 649 1949 quo·

67 1960 125 2017 que
139 1945 258 2002 occurrit
272 1951 301 2001 et
312 1945 426 2015 obviat;
442 1952 471 2004 et
487 1952 566 2005 totus
577 1955 651 2006 totos

68 2015 243 2095 amplectens
267 2017 391 2086 salutat;
407 2026 436 2075 et
461 2018 490 2076 in
515 2020 650 2077 humeros

68 2087 155 2156 tollit,
168 2104 239 2160 quos
257 2088 302 2144 vix
321 2091 357 2146 ab
372 2106 470 2147 errore
490 2091 648 2161 convertit3

68 2173 123 2214 nec
141 2157 177 2215 de
201 2159 343 2230 prioribus
366 2160 429 2218 illos
456 2170 582 2232 accusat,
600 2163 650 2221 sed

67 2228 145 2286 diem
164 2230 265 2287 testum
278 2234 347 2302 agit,
363 2238 392 2288 et
418 2235 525 2290 amicos
543 2251 650 2292 convo-

66 2306 125 2370 cat,
137 2308 177 2372 et,
200 2308 230 2358 ut
245 2302 278 2358 lit
289 2304 415 2360 omnium
425 2305 584 2363 laetantium
596 2307 648 2363 ba-

67 2371 181 2442 bituilo,
205 2373 329 2446 optimos
356 2392 467 2447 quoque
482 2378 605 2445 Angelos
620 2377 650 2434 in

70 2443 200 2500 laetitiam
219 2444 352 2501 suscitat:
369 2466 382 2499 l)
401 2447 462 2504 baec
488 2451 648 2519 Dionysium.

72 2514 204 2582 Quotidie
217 2517 292 2572 Deus
310 2516 399 2574 lilium
424 2519 524 2591 recipit
551 2537 650 2577 rever-

69 2591 188 2668 tentem,
203 2587 269 2669 dum
293 2589 447 2658 quemlibet
467 2597 650 2717 peccatorem

69 2660 171 2730 recipit
184 2663 367 2730 poenitentem
381 2678 389 2729 ;
408 2662 504 2718 elain
519 2663 648 2733 supradi-

67 2735 114 2786 cta
140 2731 215 2787 circa
242 2731 405 2802 eumfacit,
432 2733 498 2790 dnm
527 2734 649 2806 gratiam

67 2817 154 2872 quam
170 2802 198 2857 iu
218 2801 360 2884 Baptismo
376 2813 530 2874 receperat,
556 2812 584 2863 et
598 2823 650 2880 per

66 2876 181 2944 culpam
192 2875 365 2945 perdiderat,
380 2875 482 2933 iterum
496 2876 538 2933 illi
552 2876 648 2934 reddi·

68 2942 122 3000 dit.
137 2942 227 3017 igitur
242 2961 297 3001 non
316 2947 450 3004 debemus
464 2950 582 3004 tratrem
596 2965 649 3005 no·

70 3019 162 3070 strum
187 3022 363 3087 poccatorem
390 3027 586 3087 contemnere,
607 3020 650 3075 vel

70 3085 287 3157 derelinquere;
307 3090 356 3145 sed
373 3094 565 3145 revertentem
587 3089 651 3144 dul·

70 3157 143 3213 citer
168 3157 301 3229 recipere,
331 3176 364 3217 ac
395 3159 545 3217 caritatem
577 3158 652 3217 circa

70 3243 137 3284 enm
150 3230 309 3300 ostendere,
325 3237 354 3287 et
372 3232 496 3305 benigne
510 3236 649 3288 tractare:

67 3315 105 3356 ne
122 3299 252 3358 Salvator
264 3306 362 3359 noster
379 3303 468 3360 iratus
488 3320 541 3359 nos
558 3319 652 3372 pecca·

67 3375 146 3428 tores
160 3371 260 3428 merito
277 3378 451 3444 contemnat,
468 3381 496 3431 et
507 3375 582 3446 juste
601 3379 650 3432 de-

66 3441 221 3514 relinquat.
237 3444 392 3502 Considera
412 3463 487 3503 nunc
510 3451 649 3518 quantum

65 3524 204 3586 operatur
221 3515 400 3586 poeuitentia,
425 3523 452 3574 et
480 3527 586 3588 quanta
614 3520 651 3576 sit

63 3590 143 3642 circa
161 3586 332 3658 poenitentes
363 3587 412 3644 Uei
444 3588 648 3647 misericordia.

65 3656 148 3715 Unde
167 3659 346 3714 hemardus:
362 3660 412 3716 «0
430 3660 494 3716 lelir
508 3661 650 3732 poeniten·

65 3729 139 3810 tium
159 3727 360 3786 humilitasltl
381 3732 456 3788 bona
481 3747 545 3814 spes
564 3734 651 3790 conli-

64 3801 209 3857 tentiuml
226 3816 311 3871 qnam
327 3800 408 3858 tacile
428 3803 517 3860 vincis
530 3804 649 3861 invinci-

66 3870 168 3941 bilem,
186 3871 342 3943 quamcito
366 3875 584 3931 tremebundum
599 3878 650 3932 lu·

66 3942 165 4000 dicem
195 3947 338 4001 convertis
369 3947 397 4000 in
423 3945 566 4018 piisimum
595 3948 650 4003 Pa-

66 4014 154 4070 treml
168 4036 182 4064 a
196 4016 230 4071 lit
241 4014 346 4072 iterum
357 4033 387 4073 :u
402 4016 424 4072 0
457 4034 500 4074 uae
515 4023 543 4073 et
557 4017 650 4090 qualis

68 4090 98 4142 et
111 4091 218 4156 quanta
232 4092 275 4143 est
290 4036 485 4146 misericorUia
505 4087 566 4156 Dei,
587 4107 650 4161 quae

91 4162 253 4214 occatorem
284 4175 450 4216 conversum
476 4178 532 4217 non
558 4161 652 4218 minus

67 4173 174 4300 Uillgit,
184 4245 269 4301 quam
283 4246 348 4287 eum
361 4230 408 4302 qui
424 4232 534 4289 nullam
545 4231 653 4304 [receati

67 4301 213 4360 maculam
229 4303 404 4361 contraxitt»
416 4304 651 4362 haeclleruurdus.

743 473 772 524 ¹7
787 449 961 507 Ranarrouns
976 464 1009 503 ar
1028 463 1094 503 uina
1111 461 1287 502 covcoaniri·

704 541 748 579 riu
760 539 841 578 raiuii
852 537 943 577 uranii
954 535 1161 576 immoturus.
1176 549 1210 559 -
1221 519 1289 574 Tres

705 594 791 666 igitur
805 593 946 664 parabulae
962 609 1016 647 uno
1030 592 1086 647 tine
1102 588 1285 657 clauduntur,

705 666 739 722 de
761 667 864 737 quibus
879 665 1044 721 Ambrosius
1072 663 1113 718 sic
1140 660 1284 732 loquitur:

706 757 720 790 e
736 738 796 794 Non
810 738 900 793 otiose
914 740 1028 792 sanctus
1042 735 1131 816 Lucas
1143 748 1176 789 ex
1187 734 1289 789 ordino

704 814 763 865 tres
781 809 930 881 parabolas
945 808 1055 879 posuit:
1066 821 1125 861 ovis
1139 820 1202 876 quae
1219 819 1287 876 pcr-

705 879 788 949 ierat,
818 885 846 936 et
860 879 974 936 inventa
987 886 1031 934 est
1046 894 1053 947 3
1067 876 1204 959 drachma
1221 891 1287 958 quae

706 951 840 1022 perierat,
854 957 883 1006 et
905 948 1020 1006 inventa
1045 956 1108 1019 est,
1136 947 1216 1029 lilius
1238 963 1288 1028 qur

707 1028 770 1080 erat
788 1028 929 1089 mortuus,
943 1028 973 1077 et
989 1021 1109 1077 revixit:
1134 1023 1166 1076 ut
1181 1018 1287 1091 triplici

709 1094 804 1150 medio
818 1095 960 1164 provocati
979 1092 1099 1148 vulnera
1118 1095 1216 1148 nostra
1241 1106 1287 1145 cu·

709 1180 818 1220 remus.
838 1165 970 1235 Spartum
997 1162 1073 1218 enim
1102 1161 1203 1233 triplex
1229 1176 1287 1216 non

711 1233 978 1307 corrumpetur.Qui
990 1232 1129 1289 snutistit
1139 1236 1289 1301 Pater,pa·

711 1315 783 1370 ator,
799 1311 827 1361 ct
840 1303 952 1362 mulier.
968 1305 1065 1361 Nonne
1081 1305 1165 1371 Deus,
1181 1303 1266 1358 Pater
1278 1302 1293 1357 ‘l

711 1376 849 1447 Christus,
869 1379 968 1433 Pastor
982 1374 1115 1444 tllulier,
1138 1372 1293 1455 Ecclesia?

709 1447 835 1506 Christus
856 1454 883 1504 te
899 1446 929 1504 in
946 1463 1065 1519 corporo
1091 1462 1142 1502 suo
1170 1444 1290 1513 revehit,

708 1522 756 1587 uui
770 1525 817 1576 tua
832 1518 862 1575 in
875 1535 905 1575 se
917 1524 1031 1588 peccata
1043 1519 1175 1599 suscepit,
1187 1515 1292 1588 quarti

706 1590 842 1660 Ecclesia,
855 1589 956 1659 recipit
972 1593 1075 1657 Pater;
1091 1605 1173 1660 quasi
1186 1588 1289 1644 Pastor

705 1661 825 1730 revehit,
845 1659 926 1733 quasi
940 1661 1043 1718 mulier
1060 1661 1188 1732 inquirit,
1205 1660 1287 1730 quasi

706 1734 792 1791 Pater
814 1733 898 1790 vestit
911 1750 920 1802 ;
954 1734 1045 1804 prima
1078 1730 1286 1804 misericordia,

705 1805 829 1863 secunda
848 1804 1025 1876 sullragatio,
1052 1805 1139 1860 tertia
1156 1802 1286 1860 reconci-

704 1876 794 1934 liatio.
823 1876 941 1948 Singula
980 1875 1100 1947 singulis
1132 1875 1286 1947 quadrant.

706 1948 878 2019 Redemptor
902 1947 1043 2014 subvenit,
1065 1946 1152 2003 etiam
1180 1947 1286 2003 sullia-

724 2028 800 2090 atur,
816 2027 916 2076 auctor
942 2017 1154 2075 reconciliatur.
1176 2018 1285 2072 Eadem

705 2036 810 2147 Uirium
835 2089 927 2162 operis
946 2087 1155 2155 misericordia,
1171 2087 1222 2143 sed
1241 2087 1284 2143 di-

705 2178 787 2218 versa
800 2177 850 2234 pro
865 2159 973 2218 meritis
985 2158 1092 2216 nostris
1105 2160 1207 2230 gratia.
1223 2156 1288 2215 Ovis

705 2249 722 2290 a
742 2239 853 2304 pastore
876 2233 948 2290 lassa
971 2236 1130 2298 revocatur,
1150 2230 1287 2288 drachma

705 2321 768 2374 uuae
792 2304 916 2378 perierat
930 2304 1085 2372 iuvenitur,
1113 2302 1151 2360 ad
1177 2307 1287 2375 patrem

704 2376 780 2433 lilius
798 2378 856 2433 suis
882 2375 1006 2448 vestigiis
1032 2375 1118 2445 redit,
1147 2381 1176 2431 et
1202 2377 1289 2455 plena

704 2446 884 2505 condemnati
900 2446 1004 2506 erroris
1018 2448 1180 2518 regreditur
1193 2461 1287 2517 poeni·

704 2522 803 2577 tentia.
818 2519 890 2575 Oves
903 2535 1010 2588 sumus,
1028 2533 1143 2574 oremus
1159 2522 1189 2572 ut
1202 2531 1288 2596 super

704 2607 809 2662 aquam
823 2591 987 2647 relectionis
1003 2605 1056 2645 nos
1084 2586 1235 2644 collocare·
1249 2589 1290 2640 di-

704 2668 818 2734 gnetur,
841 2678 918 2730 oves,
948 2663 1077 2732 iuquam,
1096 2675 1204 2727 sumus,
1230 2672 1284 2784 pa-

704 2751 773 2793 seua
786 2744 917 2807 petamus
929 2751 936 2802 ;
950 2732 1088 2788 drachma
1107 2745 1216 2797 sumus,
1252 2745 1284 2784 a·

703 2807 823 2863 beamus
852 2804 1000 2876 pretium;
1030 2801 1080 2856 tilii
1108 2816 1217 2867 sumus,
1250 2800 1286 2855 ad

704 2879 819 2932 Patrem
843 2875 937 2930 redire
962 2874 1145 2938 festinemus3
1162 2886 1214 2925 nec
1240 2887 1291 2925 ve·

706 2961 789 3003 reare
803 2961 838 2999 ne
852 2951 882 2999 te
897 2959 954 2998 non
976 2940 1105 3008 recipiat.
1124 2943 1186 2994 Non
1213 2942 1289 2995 enim

707 3017 866 3072 delectatur
886 3015 959 3069 Deus
974 3009 1134 3083 perditione
1151 3009 1288 3069 vivorum.

707 3089 770 3143 lam
785 3079 1075 3142 occurrensveuienii
1091 3080 1140 3137 tibi
1153 3080 1290 3138 cadctsu·

708 3174 759 3231 per
775 3157 894 3214 collum:
908 3156 1128 3221 Dominustcnim
1144 3156 1226 3223 eripit
1245 3157 1291 3210 elt-

707 3246 761 3289 sos.
777 3227 1008 3295 Osculumdabit,
1023 3226 1098 3297 quod
1119 3231 1162 3283 est
1185 3226 1290 3301 pignus

707 3300 823 3370 amoris;
835 3300 948 3366 stolam,
957 3302 1105 3368 annulum,
1114 3301 1288 3358 calceameu-

707 3382 736 3432 ta
746 3371 866 3447 proferri
878 3371 999 3444 jubebit.
1007 3373 1046 3428 Tu
1053 3371 1287 3444 adtvucinjuriam

707 3448 810 3503 metuis
837 3444 884 3501 ille
897 3443 1022 3501 restituit
1036 3441 1202 3515 dignitatem
1216 3444 1222 3499 l
1245 3447 1286 3501 Tu

705 3516 874 3591 supplicium
890 3515 1007 3584 vereris,
1025 3515 1072 3571 ille
1091 3517 1217 3572 osculum
1234 3516 1284 3571 de·

705 3590 781 3646 lertl
800 3591 841 3645 Tu
866 3587 1020 3645 convitium
1049 3586 1142 3656 times,
1166 3588 1288 3643 adornat

704 3660 752 3719 itte
767 3659 945 3719 convivium}
963 3658 1053 3716 Facile
1076 3658 1285 3726 reconciliatur,

705 3732 819 3804 quando
833 3730 944 3787 intenso
961 3739 1087 3801 rogetur.
1112 3730 1178 3786 ldeu
1193 3729 1285 3809 disen-

705 3820 779 3869 mus,
810 3801 887 3874 quali
916 3804 1009 3871 Pater,
1024 3800 1221 3858 obsecratione
1249 3805 1287 3879 sit

704 3873 885 3931 ambiendus.
902 3875 995 3942 Pater,
1014 3872 1114 3944 iuquit,
1130 3886 1214 3943 quam
1232 3885 1284 3924 mi·

706 3945 838 4015 sericors,
853 3960 938 4017 quam
957 3947 1029 4014 pius,
1044 3947 1093 4016 qui
1114 3958 1167 3999 nec
1195 3941 1285 3996 otlen·

707 4034 755 4075 sus
775 4016 896 4088 patrium
915 4016 1086 4087 dedignatur
1104 4026 1209 4068 nmen
1235 4025 1285 4063 au-

708 4089 785 4146 direl
800 4092 882 4145 Pater
894 4087 997 4160 inquit,
1020 4085 1132 4162 peccunt
1146 4084 1176 4134 iu
1190 4079 1285 4134 culum

708 4167 734 4217 et
752 4177 843 4218 corum
861 4165 896 4216 te.
925 4161 990 4215 llaec
1007 4163 1049 4211 est
1065 4166 1157 4224 prima
1174 4149 1284 4203 contes-

709 4231 752 4289 sio
777 4232 853 4304 apud
880 4234 1025 4287 auctorem
1059 4226 1180 4301 nutura,
1210 4219 1284 4346 apud

710 4305 801 4362 solem
814 4296 1028 4365 misericordia,
1039 4293 1178 4352 arbitrum
1193 4307 1226 4348 cii
1241 4307 1283 4364 pou
