2820 4928
253 325 293 379 [lli
321 324 412 379 unco
440 322 650 378 tntudtdltu
676 324 760 378 altu
787 324 982 381 tlunnssun
1010 328 1167 385 tttttlcttu.
1286 334 1330 387 tls

92 437 207 497 eximie
223 434 364 503 caritatis,
382 431 488 491 scillcet
502 432 688 506 semetipsum
743 432 845 492 Christi
873 434 940 492 lacti
970 452 1086 505 sumus,
1113 441 1143 495 ut
1172 437 1329 501 imitatores

92 509 124 567 in
134 508 378 583 pretiumnostrae
387 504 598 586 redemptionis.
609 506 689 562 Unde
742 506 899 564 efficiamur
917 507 1072 565 voluntatis
1090 508 1153 580 ejus
1170 515 1200 566 et
1214 528 1330 571 conser-

94 581 303 640 semermes«
315 582 408 637 Bonus
418 578 556 646 minister,
569 576 618 648 qui
629 593 690 635 cer·
740 578 868 636 sationis.
889 579 944 636 Sed
975 581 1003 635 in
1033 580 1086 636 hoc
1115 596 1214 638 sumus
1234 583 1328 657 imago

97 669 167 710 nem
195 667 274 708 suam
295 651 323 708 in
349 650 453 719 cibum,
469 647 639 720 sanguinem
657 649 687 705 in
741 652 813 721 ejus,
828 656 860 707 ut
878 650 954 722 quod
978 650 1004 708 ei
1029 651 1136 708 bonum
1161 653 1283 725 videtur,
1300 663 1328 714 et

32 742 35 789 j
97 729 209 797 potum,
227 722 390 780 etanimam
410 719 552 778 ministrat
569 720 601 775 in
620 736 687 793 pre·
740 722 816 792 apud
829 719 1116 791 nosflbonumet
1131 724 1206 795 quod
1225 725 1252 781 ci
1267 744 1325 786 ma·

32 854 36 865 ,
98 796 181 852 tium.
199 815 213 847 s
229 795 307 852 Unde
321 798 350 850 et
360 795 435 850 Beda
448 812 457 848 :
471 811 486 845 e
502 793 537 848 Et
549 792 603 848 hoc
618 808 686 863 quo
740 791 800 849 lum
816 792 936 863 videtnt,
954 798 982 850 et
996 794 1071 865 apud
1089 810 1139 851 nos
1153 794 1190 851 sit
1204 797 1322 856 malum.

32 884 36 937 3
99 884 154 941 que
177 866 330 938 majoribus
350 863 484 921 Ecclesiae
503 862 686 991 <precipuum
739 863 914 936 Quicumque
923 869 1030 934 autem,
1041 865 1162 923 Domino
1173 867 1324 927 humilian-

115 954 188 996 enus
202 936 381 995 ministrandi
400 934 505 1017 imitan
523 951 572 992 um
587 941 685 992 osten·
739 940 777 1017 te,
790 935 937 1008 J'actantiae
962 937 1066 1005 studet,
1081 954 1138 994 non
1164 943 1208 994 est
1231 941 1325 1014 imago

32 1028 34 1035 ·
93 956 176 1079 gens,
190 1015 221 1067 ut
232 1026 289 1067 non
299 1008 394 1066 solum
407 1006 619 1075 misericordes,
631 1005 686 1063 ele·
739 1023 820 1078 ejus;
842 1013 871 1063 et
896 1007 954 1079 qui,
980 1008 1102 1065 Domino
1127 1017 1324 1083 paupertatem

33 1084 35 1093 ⁴
89 1099 172 1141 emos
193 1098 248 1151 nae,
263 1079 405 1138 doctrinae
421 1077 566 1141 salutaris,
582 1083 611 1134 et
628 1076 685 1151 spi·
738 1083 864 1149 amante,
874 1077 1038 1137 divitiarum
1051 1088 1163 1138 amator
1172 1087 1216 1138 est
1229 1085 1257 1139 in
1272 1085 1325 1141 hoc

87 1099 204 1211 niualis
227 1151 351 1226 exempli
371 1149 534 1233 ministeria
550 1147 688 1232 fratrilms
738 1150 845 1233 seculo,
861 1150 975 1223 repellit
993 1168 1010 1209 a
1030 1168 1060 1209 se
1076 1151 1177 1209 Christi
1194 1152 1324 1211 similitu·

87 1225 313 1298 impendamus;
330 1227 533 1279 verumetiam
554 1225 626 1278 sicut
641 1220 688 1277 ille
739 1222 845 1278 dinem.
862 1223 923 1278 Non
941 1229 984 1279 est
1000 1239 1084 1280 verus
1098 1223 1262 1295 discipulus,
1277 1226 1324 1298 qui

88 1314 146 1371 pro
171 1295 256 1354 nobis
274 1298 402 1377 animam
426 1308 506 1375 snam
529 1290 634 1365 posuit,
649 1291 689 1348 ita
741 1309 799 1374 non
811 1292 1129 1421 imitaturltugistrum
1141 1311 1191 1351 nec
1205 1302 1249 1353 est
1259 1313 1326 1354 vera

92 1378 126 1426 et
149 1384 203 1424 nos
224 1383 277 1440 pro
296 1380 422 1423 mercem
444 1379 569 1421 ammam
583 1378 689 1436 ponere
740 1380 916 1436 imago,qnae
930 1382 993 1421 sum
1008 1382 1032 1422 is
1044 1383 1102 1423 non
1113 1371 1157 1423 est
1168 1367 1277 1424 auctori
1290 1385 1297 1424 :
1310 1389 1324 1421 o

92 1439 253 1497 discemus.
278 1456 293 1491 o
321 1437 403 1494 Unde
424 1437 510 1517 etiam
530 1437 687 1506 chrysosto·
740 1437 800 1493 lraec
833 1438 1050 1508 chrysostomus.
1084 1437 1209 1495 Humilia
1238 1437 1326 1510 igitur

90 1527 158 1569 mus
175 1528 183 1567 :
201 1530 215 1563 a
232 1511 291 1566 ilex
307 1508 446 1566 coelorum
459 1512 589 1575 existens,
602 1507 686 1564 homo
739 1507 775 1566 tei
798 1524 871 1578 sum,
881 1514 909 1565 et
922 1507 1027 1566 imitari
1041 1526 1145 1566 conare
1159 1513 1182 1566 llt
1223 1508 1324 1569 istrum

89 1582 187 1640 voluit
201 1580 287 1646 ellici,
305 1586 336 1638 et
350 1577 504 1647 contemni,
518 1583 548 1660 et
563 1577 685 1635 convitia
738 1585 767 1636 et
776 1523 928 1637 Bominum
941 1586 1031 1638 tuum.
1043 1580 1207 1654 Vituperabl
1221 1582 1323 1639 eeuim

84 1654 162 1729 pati,
184 1669 279 1725 neque
300 1652 331 1708 in
358 1652 405 1708 his
428 1650 547 1711 sutfecit.
572 1651 622 1706 sed
646 1649 684 1706 ad
736 1651 818 1708 ratde
834 1658 887 1721 est,
903 1658 934 1709 ut
948 1652 1103 1726 discipulus
1116 1670 1145 1710 se
1160 1653 1322 1726 erigat,ubi

84 1724 214 1787 nortem
232 1724 322 1789 venit,
337 1728 367 1779 et
381 1721 505 1779 animam
522 1721 600 1778 dedit
612 1736 684 1793 pre·
738 1723 872 1795 Magister
887 1740 916 1780 se
936 1723 1068 1794 inclinat,
1085 1730 1114 1781 et
1130 1726 1206 1797 quod
1223 1742 1323 1783 servus

88 1794 165 1855 tium
179 1794 397 1869 redemptionis,
413 1809 465 1867 pro
482 1792 580 1851 multis
595 1792 683 1850 etiam
738 1794 931 1867 sitsuperbus,
942 1795 988 1852 ubi
998 1795 1135 1853 Dominus
1145 1803 1187 1853 est
1197 1796 1323 1866 humilis,

89 1868 228 1926 inimicis.
252 1870 295 1927 Tu
320 1868 447 1939 quidem,
469 1864 493 1921 si
516 1864 684 1921 humiliatus
737 1865 814 1938 quia,
827 1872 859 1923 ut
870 1868 928 1938 ipse
940 1865 1010 1923 dixit
1024 1885 1032 1923 ι
1046 1871 1106 1927 lton
1118 1874 1157 1924 est
1169 1869 1324 1941 discipulae

93 1939 254 2013 tueris,pro
265 1938 416 2011 temetipso
427 1935 576 2008 lacis,ipse
587 1940 684 1993 autem
736 1941 1324 2011 superllopistrummecaerouesuperllo·

116 2029 149 2067 ro
164 2017 202 2068 te.
223 2011 491 2080 Quantumcumque
505 2024 574 2079 ergo
588 2007 683 2064 humi·
738 2012 842 2064 minum
860 2026 940 2064 suum
957 2010 1007 2065 sed
1028 2026 1035 2064 :
1056 2011 1167 2080 Sufficit
1188 2012 1325 2080 discipulo

93 2028 184 2140 rietus
205 2082 302 2151 fueris,
328 2098 385 2138 non
405 2087 484 2152 potes
502 2085 614 2137 tantum
633 2079 684 2136 de·
738 2087 769 2136 ut
783 2084 822 2137 sit
836 2082 908 2136 sieut
923 2084 1055 2150 magister
1072 2081 1142 2151 ejus.
1162 2081 1233 2149 Quia
1248 2080 1325 2138 enim

94 2154 235 2212 scendere
252 2153 325 2211 sicut
346 2151 516 2210 Dominator
530 2155 602 2209 tuus.
619 2171 633 2205 r
649 2153 684 2208 Et
737 2153 823 2209 homo
835 2167 888 2225 per
901 2151 1063 2225 superbiam
1078 2151 1190 2221 cecidit,
1206 2168 1323 2210 necesse

93 2227 221 2285 iterum:
238 2245 252 2279 (ι
269 2224 311 2283 ild
324 2225 379 2282 hoe
390 2222 468 2282 enim
477 2223 514 2280 ad
525 2222 680 2296 imaginem
737 2229 780 2281 est
794 2228 826 2281 ut
839 2239 891 2297 per
901 2222 1092 2282 humilitatem
1109 2228 1248 2298 resurgat.

647 2411 775 2470 ORATIO

130 2558 253 2619 Domine
267 2559 334 2616 lesu
354 2556 476 2623 Christe,
490 2554 539 2628 qui
563 2571 614 2629 pro
630 2560 727 2613 nostra
751 2555 841 2614 salute
857 2557 974 2614 calicem
1005 2558 1149 2616 Passionis
1163 2558 1273 2625 bibere,
1294 2563 1322 2616 ot

94 2631 238 2705 baptismo
251 2628 398 2703 sanguinis
414 2626 545 2701 perfundi
559 2627 682 2711 voluisti,
695 2632 723 2684 et
742 2644 800 2684 non
814 2628 1010 2701 temporaliter
1034 2629 1176 2687 dominari
1194 2635 1223 2686 et
1238 2628 1322 2685 mini-

93 2705 192 2774 strari,
208 2702 261 2761 sed
278 2701 426 2759 humiliter
444 2699 552 2757 servire
568 2705 597 2757 et
610 2704 783 2769 ministrare,
799 2716 832 2757 ac
845 2700 932 2757 vitam
941 2707 1019 2758 tuam
1035 2717 1087 2774 pro
1102 2706 1200 2758 nostra
1212 2700 1323 2757 redem-

90 2776 189 2851 ptione
205 2775 276 2832 dare
290 2772 404 2842 venisti,
418 2772 455 2829 da
469 2771 538 2829 miri
553 2771 668 2842 misero,
684 2787 735 2843 pro
747 2787 811 2829 meo
824 2772 951 2842 modulo,
967 2772 1008 2829 tui
1019 2772 1115 2829 calicis
1130 2779 1158 2829 et
1173 2771 1323 2844 baptismi,

90 2866 155 2907 cum
174 2846 320 2932 patientia
334 2852 363 2903 et
377 2843 483 2918 gaudio
498 2843 613 2917 spiritus
632 2841 800 2916 participem
812 2843 886 2909 lieri,
905 2847 933 2898 et
946 2848 974 2899 te
993 2843 1160 2913 Magistrum
1173 2860 1207 2900 ac
1222 2841 1325 2899 Domi-

92 2938 161 2979 num
173 2937 205 2977 in
221 2916 392 2976 humilitatis
402 2915 537 3002 operibus
555 2915 671 2984 imitari,
687 2920 716 2972 et
732 2929 791 2970 non
807 2914 899 2969 solum
922 2913 951 2968 in
968 2913 1101 2985 operibus
1123 2912 1327 2970 misericordiae

94 2990 291 3049 ministerium
305 2989 441 3063 proximas
455 2988 636 3061 impendere;
653 2986 704 3042 sed
718 2986 804 3042 etiam
820 2983 918 3051 vitam,
930 2982 954 3039 si
969 3000 1085 3041 necesse
1099 2989 1152 3052 est,
1163 3000 1216 3056 pro
1227 2983 1268 3039 eis
1279 2999 1327 3054 po·

93 3080 179 3132 nere,
196 3067 226 3119 et
239 3062 352 3121 tandem
370 3062 407 3121 ad
424 3075 547 3134 regnum
566 3057 682 3116 coeleste
695 3055 791 3115 electis
805 3054 862 3111 tuis
877 3058 1009 3126 paratum
1028 3054 1148 3112 feliciter
1161 3055 1322 3128 pervenire.

92 3137 198 3192 Arnen.

575 3455 714 3531 CAPUT
744 3457 836 3529 XXll

275 3682 314 3727 DE
336 3681 397 3728 UNO
416 3680 496 3728 CAECO
510 3680 589 3727 ANTE
610 3679 781 3727 munnssun
796 3679 915 3727 taalenu
932 3679 1123 3729 muniunto.

572 3833 655 3890 anae
670 3848 732 3907 cap.
758 3833 852 3890 lllllll.

139 4039 146 4072 ι
184 4015 297 4070 Genaua
325 4030 387 4069 cam
428 4029 612 4069 andnimans.
653 4044 689 4057 -
742 4013 852 4070 duabus
867 4011 954 4069 leucis
975 4013 1193 4089 edomandum
1215 4013 1324 4077 septem

93 4091 215 4146 l‘uctum
230 4091 269 4141 est
284 4091 386 4153 auten,
402 4101 462 4142 cum
483 4089 688 4158 appropinquo·
742 4101 759 4141 a
773 4084 940 4154 Jerusalem,
957 4088 984 4139 et
1008 4082 1117 4162 sita‘ad
1134 4094 1195 4148 ejus
1214 4083 1323 4149 partem

95 4165 142 4217 ret
165 4158 306 4214 Dominus
331 4158 414 4214 lesus
431 4160 548 4227 derecto,
565 4172 628 4229 quae
645 4162 690 4214 est
742 4155 923 4213 orientalem.
953 4156 1019 4210 llaec
1052 4149 1324 4229 c1v1tasmquondam

97 4232 173 4288 rrrbs
187 4228 264 4286 inter
283 4226 432 4286 uelit-eam
450 4228 526 4286 unde
546 4228 687 4285 ascende·
741 4226 854 4296 nobilis,
872 4243 946 4284 nunc
961 4228 1057 4279 atatem
1079 4219 1205 4288 humilis,
1221 4219 1256 4276 ad
1277 4235 1326 4276 so-

97 4306 162 4372 bet,
178 4306 207 4358 et
219 4299 380 4359 Jerusalem
409 4316 465 4373 quo
493 4299 563 4370 ibat,
580 4298 688 4357 distans
741 4296 799 4356 lum
822 4299 968 4355 destructa
985 4297 1048 4362 est;
1082 4295 1111 4348 el
1137 4290 1197 4349 sola
1223 4291 1325 4350 domus

163 4395 254 4448 virid
260 4409 308 4448 asu
317 4397 435 4456 Cererem,
444 4396 537 4448 'sonus
546 4395 595 4447 111.
1203 4390 1230 4438 ¹⁰
