2842 4920
101 362 144 413 tto
437 354 594 410 SECUNUAE
623 356 742 411 uincta
771 358 876 410 olrttr
903 357 997 409 XXlX

100 470 169 524 trem
188 464 327 521 columbos
356 462 467 530 ceretto
490 477 542 517 nee
567 462 682 533 aliquod

99 555 149 596 vas
176 537 234 592 Deo
261 550 318 591 nou
337 531 461 589 dicatum
480 540 509 589 et
528 540 681 604 sacratum,

100 606 246 666 mercandi
261 605 353 689 gratia
370 621 421 676 per
436 606 571 677 temptum
589 614 682 662 traus-

99 680 166 738 lerri
183 679 320 751 permisit¹
344 676 491 733 interdixit
516 677 630 748 peridem
647 678 682 734 de

98 752 174 808 rasis
192 750 374 807 mercationis
391 755 419 805 ct
434 749 568 805 trumonis
586 750 683 806 usibus

99 822 292 906 applicandis3
308 839 363 877 nou
374 821 493 878 derasis
506 824 561 878 lteo
570 821 681 892 dicatis,

99 912 166 967 quia
178 912 245 951 vasa
261 893 357 950 divino
374 893 459 953 cultui
476 894 619 965 deputata,
636 894 682 950 de·

100 968 204 1025 bebant
218 967 267 1035 ibi,
284 973 311 1023 et
322 963 445 1021 nonalia
460 981 531 1021 esse.
545 968 616 1035 Urgo
632 980 683 1021 nec

740 460 1018 532 rerotnegotiotores
1027 477 1034 531 ;
1044 458 1097 516 sed
1105 462 1139 515 ut
1154 458 1254 513 statim
1264 464 1337 528 pate·

739 534 791 602 bit,
804 532 851 590 bie
861 533 956 590 aerius
970 529 1229 606 reprehendendo,
1246 530 1335 600 appel·

740 606 780 662 lat
794 605 929 674 latrones,
943 606 1017 662 daus
1029 620 1083 676 per
1102 605 1158 659 hoc
1175 604 1331 672 excerptum

739 676 875 750 praelatis,
889 677 965 749 qrrod
980 675 1200 734 duriusdebeut
1216 689 1333 742 arcuere

740 750 897 805 secundum
915 756 1075 821 peccatum,
1090 762 1180 830 quam
1199 744 1330 816 primum,

740 822 806 892 quin
819 824 933 894 gravius
951 829 1004 887 est,
1021 826 1123 876 ceteris
1143 818 1273 890 paribus,
1293 832 1331 897 ra·

739 894 817 950 tioue
833 892 1057 964 ingratitudinis.
1077 890 1129 947 llic
1146 890 1236 945 etiam
1259 896 1287 943 et
1305 903 1328 943 m

741 965 832 1048 prima
858 964 996 1037 ejectione
1016 965 1109 1033 maior
1129 960 1289 1025 seriositas,
1304 963 1328 1014 et

97 1039 222 1112 coplrini,
239 1039 282 1095 rel
295 1038 352 1094 alia
368 1037 498 1095 utensilia
512 1037 682 1105 eonummia,
740 1053 819 1107 rigor
833 1041 861 1093 et
878 1035 1031 1093 austeritas
1050 1035 1086 1092 dc
1100 1033 1218 1090 Christo
1242 1030 1326 1103 expri-

96 1128 149 1183 per
162 1111 312 1169 ecclesiam
324 1111 590 1181 dcbcntdcportari.
604 1110 683 1165 Unde
741 1109 837 1173 uritur,
850 1124 936 1179 quam
953 1123 1093 1179 nusquam
1106 1104 1178 1161 alibi
1194 1104 1233 1160 de
1247 1121 1280 1160 co
1294 1104 1325 1159 le·

95 1185 170 1241 Beda
180 1202 186 1239 :
196 1206 208 1235 c
217 1181 545 1252 lici-asisdicitillisque
558 1197 683 1237 ruercau·
740 1182 817 1251 gitur
828 1198 835 1236 :
847 1180 1086 1251 (pua,secundum
1096 1180 1324 1246 ctccpsostomom,

97 1255 126 1311 di
138 1256 444 1327 gratiainiciebantur.
457 1255 586 1311 Ceterum
598 1253 680 1320 absit,
741 1254 769 1309 in
791 1251 915 1335 propriis
940 1251 1053 1378 inpuriis
1081 1266 1146 1306 esse
1169 1245 1324 1329 quempiam

98 1334 128 1383 ut
145 1344 209 1384 ra=a
225 1331 282 1384 lico
299 1327 391 1382 dicata
411 1325 548 1382 Dominus
568 1325 683 1395 ejiceret
713 1358 716 1409 ἱ
740 1331 905 1397 patientem,
917 1328 960 1379 est
983 1323 1134 1390 audabile;
1148 1320 1270 1391 injurms
1284 1334 1324 1374 au·

98 1398 133 1455 dc
148 1401 265 1471 tempto,
285 1399 329 1453 rel
354 1397 495 1453 introferri
519 1396 682 1468 prohiberet
713 1432 716 1439 ·
740 1403 796 1453 tem
813 1395 861 1452 Uei
886 1395 1075 1463 dissimulare,
1095 1392 1183 1449 riimis
1210 1396 1256 1447 est
1276 1390 1323 1445 im·

97 1469 126 1526 in
145 1472 300 1543 templum;
331 1469 380 1524 sed
408 1468 502 1540 potius
521 1468 567 1523 ubi
595 1467 682 1524 t'uturi
713 1454 716 1521 l
740 1468 827 1541 pium.
854 1468 933 1523 Unde
960 1466 1086 1524 Christus
1115 1462 1240 1535 iujurias
1263 1476 1322 1517 scias

97 1541 150 1599 sibi
176 1540 313 1599 examinis
337 1539 449 1609 insigne
472 1539 681 1610 prateriditcx-
712 1534 716 1677 t
760 1539 883 1603 atieuter
907 1537 1054 1603 sustinuit;
1080 1535 1204 1608 injurias
1235 1541 1321 1590 auten

96 1613 221 1685 emplum
239 1611 425 1668 immundaet
449 1611 568 1681 prolana
588 1608 680 1666 climi·
739 1556 834 1668 Xateis
861 1610 903 1667 sui
933 1611 1095 1667 nullatenus
1123 1604 1320 1663 dissimularit.

96 1689 146 1758 nat
161 1701 229 1740 rasa
252 1685 287 1740 de
310 1681 426 1754 templo,
445 1698 477 1737 ac
502 1698 537 1737 ne
558 1682 681 1753 amplius
740 1686 806 1740 liae
826 1683 980 1751 flagellatio
1009 1690 1037 1738 et
1060 1680 1163 1752 ejectio
1183 1678 1320 1734 malorum

95 1755 255 1812 inserantur
268 1754 417 1827 probibet;
437 1754 550 1824 quotide
566 1770 621 1808 riou
637 1771 680 1810 so·
739 1756 774 1812 de
790 1754 907 1826 templo,
931 1753 999 1810 olim
1024 1754 1214 1825 praefigurata
1229 1748 1279 1805 luit
1296 1751 1320 1802 in

95 1827 154 1884 lum
182 1828 217 1884 de
242 1825 365 1883 Ecclesia
379 1841 478 1881 omues
499 1825 627 1897 repellet,
648 1842 680 1883 ac
740 1826 902 1895 Heliodoro,
918 1825 966 1898 qui
992 1842 1055 1882 cum
1075 1824 1225 1885 audacter,
1243 1835 1320 1875 macru

94 1898 258 1957 deturbabit
279 1899 426 1970 reprobos
442 1897 630 1954 verumetiam
646 1915 680 1955 ue
738 1904 858 1964 arenata,
874 1900 1010 1970 templum
1023 1895 1197 1958 intravisset,
1213 1890 1318 1950 utillud

96 1971 171 2028 ultra
193 1972 229 2029 ad
256 1972 427 2028 turbandam
455 1970 608 2026 Ecclesiam
638 1970 680 2026 in·
738 1970 884 2043 spoliaret,
905 1970 1020 2041 quidam
1046 1966 1236 2025 advenientes
1260 1978 1317 2019 enm

96 2048 173 2100 trent
189 2051 296 2101 aterno
316 2059 366 2100 eos
382 2043 499 2099 verbero
515 2041 678 2113 compescit.
738 2043 965 2111 flagellaverunt,
976 2047 1004 2097 ot
1018 2050 1165 2111 tamquam
1181 2044 1318 2093 mortuum

96 2116 151 2172 Sed
169 2122 197 2172 ot
210 2116 238 2172 in
260 2114 392 2186 prasenti
410 2115 470 2170 bme
485 2120 526 2169 est
548 2131 615 2170 nera
628 2114 679 2170 do·
710 2102 923 2185 lreliqucrunt.
959 2112 1127 2169 lletiodorus
1165 2107 1318 2177 flagellatus

95 2203 157 2243 mus
179 2187 302 2255 Uomini,
328 2186 357 2241 id
379 2191 421 2241 est
435 2185 528 2241 cordis
553 2185 679 2241 fidolium
710 2190 713 2261 t
737 2186 790 2242 luit
805 2191 922 2257 propter
937 2182 1034 2257 templi
1049 2182 1261 2255 spoliationem,
1276 2180 1317 2235 lu·

94 2258 266 2329 purificatio,
284 2264 315 2313 ut
338 2274 392 2312 non
419 2262 529 2312 tautum
554 2263 677 2326 peccata,
710 2316 712 2335 1
737 2257 791 2314 dmi
807 2264 923 2329 propter
937 2253 1252 2327 nsurrepaltiatiouem.

94 2344 157 2399 quac
174 2327 444 2395 iucmut,dirinilus
464 2326 592 2383 iniuriosa
606 2344 680 2383 cerm·
710 2340 713 2403 J
772 2335 786 2398 ί,
807 2332 967 2385 ilonxnrrcn
982 2344 1108 2391 enormis
1130 2329 1256 2382 llosxxus
1281 2338 1316 2376 rx·

93 2398 209 2473 punctio
233 2400 332 2467 tollot;
358 2400 407 2455 scd
435 2397 521 2454 ctiam
544 2416 578 2454 nc
604 2400 679 2456 ultra
736 2418 804 2459 rnac
819 2419 959 2458 accrescas
973 2419 1005 2456 ar
1019 2417 1088 2463 ontis
1103 2414 1219 2453 Ext’tzbht
1233 2411 1314 2452 unm.

94 2476 273 2543 repetantur,
292 2469 389 2527 dirina
404 2471 432 2526 iu
451 2470 492 2526 eis
507 2471 599 2541 gratia
614 2487 677 2544 per·
709 2534 712 2543 ,
736 2506 771 2516 -
783 2474 928 2530 Μωπειίἰῐει·
942 2479 1049 2530 autem.
1067 2487 1117 2542 per
1136 2471 1214 2525 liuor
1231 2474 1316 2523 actum

94 2559 230 2601 severans
249 2543 366 2615 adjuret
391 2559 398 2598 ι
424 2564 438 2593 »
462 2543 521 2598 lianc
543 2544 627 2599 Beda.
647 2546 679 2599 tlt
709 2545 837 2609 thristi
860 2545 944 2601 datm
979 2542 1108 2614 intelligi,
1139 2541 1217 2613 qrrod
1251 2541 1315 2595 [teus

94 2616 156 2672 hacc
183 2617 236 2671 luit
261 2615 387 2671 secundo
408 2614 519 2685 ejectio.
539 2614 585 2671 Bis
603 2617 678 2671 enim
709 2614 862 2689 {quotidie
888 2632 968 2673 suam
995 2616 1144 2672 ecelesiam
1170 2612 1270 2677 intrat,
1292 2616 1316 2665 et

94 2686 198 2760 legitur
212 2686 351 2743 Dominus
364 2687 416 2742 boc
426 2685 536 2754 iecisse,
547 2686 583 2742 ad
594 2686 678 2755 stpni-
709 2672 712 2759 l
736 2689 860 2760 qualiter
874 2688 912 2743 ibi
929 2687 1124 2758 unusepuisque
1135 2688 1314 2761 conversetur

92 2759 246 2823 licendum,
269 2759 344 2829 qtiod
369 2757 501 2831 ejiciendi
520 2764 586 2814 suxit
608 2758 678 2814 tales
709 2762 712 2821 1
736 2760 865 2817 attendit.
883 2762 1041 2817 Careamus
1053 2774 1121 2815 ereo
1138 2773 1175 2812 ne
1192 2758 1223 2811 in
1238 2770 1272 2812 ea
1284 2769 1315 2808 u·

92 2832 128 2888 ab
143 2830 268 2888 Ecclesia
280 2831 420 2887 militante
433 2847 485 2902 per
495 2830 676 2899 senteutiam,
710 2836 712 2843 '
736 2833 814 2889 sibus
828 2837 855 2888 ct
872 2832 974 2889 ditantis
988 2832 1029 2887 cel
1043 2830 1106 2886 aliis
1116 2828 1227 2884 illicitis
1244 2840 1315 2882 rare

92 2920 145 2960 noc
164 2922 219 2961 uon
239 2920 256 2961 a
274 2903 468 2975 triumphante
486 2918 536 2974 per
552 2918 677 2974 pceuam.
709 2880 713 2991 }
736 2920 810 2973 mue,
828 2920 865 2960 ne
890 2902 1060 2976 improuisus
1076 2901 1194 2957 veniens
1210 2916 1262 2955 nos
1274 2900 1317 2954 tlt·

93 2975 145 3032 Ubi
161 2978 325 3048 Tbcopliitns
337 2996 345 3031 :
358 2998 371 3027 o
383 2977 532 3031 tlocetiam
542 2974 678 3030 Dominus
709 2996 712 3049 p
755 2977 832 3045 eltet,
850 2981 878 3032 ct
894 2974 1065 3032 deecclesia
1088 2989 1141 3030 sua
1156 2988 1188 3029 ae
1205 2972 1315 3028 demum

94 3047 161 3104 lecit
172 3048 199 3104 iu
215 3047 354 3120 principio
371 3045 584 3130 praedicationis
599 3062 676 3102 sure·
709 3058 712 3105 t
735 2993 770 3104 Xe
786 3064 873 3119 regno
887 3047 981 3120 ejiciat
992 3053 1020 3104 ct
1032 3046 1164 3115 expieltat.
1176 3046 1260 3111 Nam,
1272 3038 1315 3112 qui

93 3127 122 3176 et
148 3138 232 3189 nuere,
247 3119 352 3175 iteruin
373 3120 442 3175 illud
459 3117 534 3186 lecit,
551 3118 627 3189 quod
641 3089 678 3173 ael
709 3108 712 3155 f
734 3126 851 3192 peccata
868 3119 991 3192 peccaris
1010 3118 1100 3187 addit,
1116 3116 1196 3188 quasi
1226 3117 1314 3171 struem

93 3189 201 3248 crimen
228 3196 256 3247 et
279 3190 308 3246 in
327 3191 478 3247 nrctximam
503 3190 677 3261 redargutio·
709 3178 712 3245 l
736 3208 791 3274 quo
806 3192 851 3248 hic
874 3192 917 3247 rel
940 3191 968 3247 in
984 3191 1078 3247 tuturo
1102 3188 1265 3258 dripelletur
1279 3182 1314 3239 rel

94 3278 160 3317 uem
175 3263 339 3319 tuclaeorum
359 3263 509 3325 redundat,
532 3261 599 3333 qcria
619 3277 677 3318 non
709 3301 711 3329 ,
735 3263 850 3333 ligetur,
866 3261 1009 3318 corrnertit
1036 3260 1164 3318 Funiculi
1178 3275 1249 3329 ergo
1264 3255 1315 3329 qui·

94 3332 210 3389 luerunt
226 3350 258 3389 ex
273 3331 360 3404 priori
381 3332 575 3389 adomnitionc
593 3332 676 3389 casti·
709 3350 712 3375 ¹
736 3336 790 3391 bus
804 3334 869 3391 nroli
885 3334 1048 3406 eiicientur,
1064 3338 1131 3389 sunt
1146 3334 1313 3388 incrementa

93 3405 164 3474 gati,
181 3411 288 3460 etcum
309 3404 444 3460 bomiuus
463 3405 517 3459 hoc
541 3404 677 3461 toticsse-
708 3392 711 3439 Ι
735 3406 877 3478 actionum
907 3406 1059 3475 rrialorum,
1088 3406 1155 3476 quia
1183 3403 1313 3471 sacricolis

94 3474 175 3539 cccii,
192 3474 245 3547 ipsi
261 3474 378 3530 minime
400 3492 429 3530 sc
452 3483 676 3532 correxerunt.»
709 3474 712 3525 l
732 3485 906 3549 peecatorum
921 3494 1031 3534 suorum
1052 3478 1243 3546 tetrardumque
1258 3488 1312 3529 cos·

95 3546 175 3602 Unde
189 3553 217 3601 et
232 3548 437 3615 chrysostomus
453 3562 459 3600 :
477 3570 489 3594 l
508 3547 538 3600 lu
558 3563 613 3617 qno
629 3547 677 3603 mi·
709 3556 712 3613 ξ
734 3554 891 3618 sti-iupiter.
911 3550 989 3605 Unde
1003 3551 1197 3618 Atcpitstiaus:
1215 3570 1231 3598 c
1247 3548 1311 3615 Erre
1360 3608 1362 3613 ¹

95 3633 149 3699 npr
168 3625 209 3674 est
234 3620 377 3699 excusatio
399 3616 586 3699 ludaeorunr;
607 3634 677 3689 qrio-
708 3620 711 3663 l
735 3623 848 3694 quaudo
860 3621 967 3693 aliquid
982 3621 1128 3704 patiuntur
1139 3627 1258 3691 propter
1268 3614 1312 3672 iul·
1360 3642 1362 3647 ·

94 3705 172 3745 mam
193 3707 255 3746 eum
272 3689 316 3746 bis
331 3691 384 3745 boe
398 3690 472 3745 idem
485 3689 607 3751 lecisset,
621 3707 679 3747 mo·
708 3694 711 3703 '
734 3694 856 3764 quitatcs
872 3709 947 3761 siras,
962 3694 988 3748 hi
1003 3694 1049 3764 qtri
1063 3692 1106 3748 rel
1118 3692 1185 3747 ficte
1201 3694 1310 3751 bouum,

94 3764 233 3819 rabautur
248 3769 344 3819 tamen
364 3760 391 3817 io
408 3778 459 3818 sua
474 3761 617 3818 clerucutia
633 3780 640 3817 z
663 3784 676 3816 „
708 3796 711 3823 c
734 3766 776 3820 ret
792 3773 890 3836 aperte
905 3764 1011 3821 irralum
1025 3765 1133 3820 iaciunt
1146 3763 1176 3819 iu
1189 3760 1311 3823 ecclesia,
1360 3768 1362 3783 ²

93 3834 154 3891 lucc
179 3838 393 3905 Glcrprcstomus.
422 3835 502 3890 Unde
529 3835 557 3890 in
586 3835 679 3905 priora
708 3836 1121 3919 lagnose-antoniabertuinus
1139 3832 1312 3904 tecitttagel·
1360 3898 1362 3903 Ι

93 3906 234 3977 ejectione
249 3905 332 3978 ejecit
352 3909 459 3961 torrium
476 3906 639 3973 rendentes,
650 3913 677 3963 et
708 3910 711 3985 i
734 3907 792 3963 lum
804 3909 839 3964 de
851 3908 991 3964 resticulis
1002 3917 1312 3980 pcccatorumsuocum,

93 3995 128 4034 cx
143 3980 196 4036 boc
212 3979 295 4036 uobis
308 3979 391 4033 datur
406 3977 512 4032 iicluria
524 3977 677 4047 impetrau-

94 4049 131 4107 di.
151 4053 254 4122 thuid
276 4049 353 4107 enirn
379 4050 464 4105 rellct
489 4051 626 4105 Decimius
640 4049 676 4106 ibi

92 4137 146 4177 nos
163 4138 256 4192 errare,
273 4120 328 4179 uisi
342 4138 403 4249 ,XM
423 4121 508 4177 vellet
523 4137 580 4176 nou
595 4120 677 4176 audi·

94 4196 146 4248 re?
163 4194 211 4250 llic
226 4204 320 4251 autem
362 4193 441 4251 urius
456 4193 577 4264 agendo,
592 4193 678 4250 ctiam

95 4271 221 4345 ementes
237 4266 284 4337 qui
299 4282 417 4323 numero
433 4272 513 4322 eraut
525 4265 629 4337 plures.
648 4268 679 4322 lu

93 4349 186 4405 prima
199 4335 285 4394 etiam
303 4338 476 4411 expulsione,
492 4353 541 4395 eos
557 4337 680 4410 appella-

734 3988 761 4035 et
772 3980 906 4035 ttclrnouet
918 3997 967 4036 cos
983 3987 1013 4036 ut
1027 3986 1137 4036 mutent
1153 3996 1195 4049 sc,
1214 3976 1313 4035 desint

735 4052 944 4120 negotiatores,
973 4068 1007 4107 ne
1032 4053 1148 4108 taudem
1175 4051 1314 4109 audiant:

735 4125 831 4196 ligate
845 4123 901 4179 illis
915 4140 1014 4180 orarius
1029 4131 1058 4180 et
1071 4125 1171 4197 pedes,
1187 4134 1218 4181 et
1231 4120 1314 4196 pcoJi·

735 4195 789 4251 cite
816 4194 843 4250 iu
861 4198 995 4253 tenebras
1020 4196 1203 4253 exteriores:
1225 4218 1240 4248 e
1261 4197 1317 4251 liat.

734 4269 920 4335 dopositum.
948 4270 979 4323 lu
1002 4269 1056 4324 hoe
1079 4268 1155 4341 quod
1186 4267 1318 4325 Uomiuus

735 4339 839 4411 expulit
858 4340 894 4396 de
910 4339 1016 4412 templo
1034 4341 1122 4398 bores
1136 4342 1167 4397 et
1183 4356 1276 4410 oves3
1293 4342 1319 4395 et
