2820 4928
93 400 142 455 tto
433 397 593 454 SECUNDAE
619 398 739 454 rrnrts
765 396 867 453 ttru'r
895 396 981 453 butt

96 507 185 565 misse
197 506 362 576 meditetur,
384 509 415 561 ut
430 504 491 577 ipsa
505 509 532 561 te
543 504 579 562 ad
598 505 685 586 virtu-

95 579 132 636 tis
148 578 222 634 vium
248 582 412 647 provocent.
440 580 507 633 Esto
522 594 596 633 nunc
619 576 684 633 tatis

95 651 124 707 in
147 650 281 722 operibus
306 649 372 721 tuis,
389 651 502 721 quatem
520 654 549 707 te
568 647 612 707 vis
634 652 683 707 tu-

95 728 189 778 turum
215 723 413 793 postmodum:
431 743 445 772 u
468 722 530 779 burc
546 722 682 790 Bruttius.

94 797 160 851 unc
176 793 273 864 itaque
300 793 430 859 scientes,
449 800 478 851 ct
501 790 580 851 iiiam
605 790 683 851 diem

93 862 682 937 sempersusprctamtrabentes‚teciamus

93 953 168 994 nuuc
182 938 217 994 de
234 937 386 1010 nobisipsis
399 936 549 1010 judicium,
570 952 679 1009 praeoe-

93 1008 680 1082 cupundotariemDominiineontessionc

94 1086 124 1137 et
134 1081 261 1152 justitia;
276 1082 450 1154 portic-iendis
462 1081 564 1153 ‹tipnos
573 1086 680 1139 tructus

94 1152 280 1235 poenitentiae,
290 1160 319 1209 ut
333 1156 420 1210 Deum
430 1154 510 1211 nobis
526 1152 679 1226 propitium

94 1226 270 1281 tuveniumus
297 1231 325 1281 et
352 1227 516 1298 benignum.
541 1227 617 1281 Unde
640 1228 679 1281 ait

92 1299 250 1353 Bernartius
272 1317 280 1352 ε
298 1318 312 1348 u
326 1300 358 1355 si
372 1301 551 1367 uosrnetipsos
566 1297 680 1366 dijudi-

94 1386 295 1430 corriperetur
314 1372 411 1440 utique
423 1370 624 1439 judicaremur,
639 1368 679 1425 di·

18 1503 22 1514 ,
93 1440 131 1496 cit
145 1442 307 1510 Apostolus.
330 1444 437 1497 Bonum
449 1441 587 1512 judicium
603 1440 680 1503 ortod

94 1528 140 1568 me
155 1514 191 1569 ab
206 1513 254 1568 itio
268 1512 397 1569 districto
407 1513 559 1584 divinoque
572 1513 679 1582 judicio

93 1582 225 1640 subdicit
239 1590 268 1639 et
285 1584 451 1640 absconditi
471 1586 591 1640 Prorsus
607 1585 680 1639 bor-

93 1670 142 1710 rco
168 1654 293 1710 incidere
311 1654 339 1710 in
353 1670 454 1711 manus
471 1655 519 1711 Dei
535 1654 653 1711 virentis
670 1674 678 1727 ς

93 1725 156 1781 volo
172 1725 260 1782 vultui
275 1726 323 1781 irre
340 1726 484 1797 judicatus
499 1726 678 1798 presentari,

93 1797 680 1925 nonLudicandusQuidergoiatriamttu-

94 1869 155 1925 dicu
178 1869 681 1939 ornatamcn‚'udiraboetbonnbtu-

95 1939 364 1999 tametioribuscuru
409 1942 678 2013 corrigereuctibus

94 2013 203 2069 dituere
219 2013 360 2087 iacrymis.
398 2012 478 2073 unire
488 2014 616 2087 jeiuniis,
632 2031 678 2071 ce·

93 2084 218 2156 terisque
230 2092 335 2143 sanctur
350 2030 495 2145 tegoribus
510 2032 678 2159 disciptinae.

94 2157 125 2210 tu
142 2157 221 2212 bouis
235 2160 271 2213 de
286 2173 331 2214 ute
346 2156 492 2215 humiliter
505 2165 635 2219 seutiam.
652 2164 682 2214 et

91 2226 171 2297 juxte
187 2236 359 2299 preceptum
369 2228 482 2287 Domini
492 2246 606 2285 servum
621 2229 681 2285 inu·

97 2296 174 2353 tileru
191 2313 236 2353 me
251 2298 399 2370 reputabo,
421 2298 468 2371 qui
490 2300 564 2370 quod
589 2306 681 2358 tacere

96 2368 181 2424 debui
193 2376 303 2423 tuntum
315 2368 368 2427 feci
380 2386 388 2439 3
399 2376 610 2442 scrutaborego
623 2373 681 2431 vius

94 2454 183 2511 mens,
195 2439 407 2516 etstudiamea,
417 2458 472 2515 quo
481 2444 506 2500 is
516 2447 566 2516 qui
574 2450 682 2503 seruta-

740 511 821 562 turus
832 511 875 562 est
888 504 1055 563 Jerusalem
1068 503 1102 561 in
1118 503 1252 569 lucernis.
1264 503 1318 563 nibit

738 576 926 636 inscrutatum
941 576 973 634 in
990 593 1051 643 me.
1068 576 1132 634 sive
1148 577 1318 635 indiscussum

737 649 873 708 inveniat.
889 652 988 721 Neque
1002 648 1086 706 enirn
1098 649 1277 721 judicaturus
1290 658 1320 707 cst

738 722 781 779 bis
800 721 828 778 in
847 721 981 794 idipsum.
996 722 1085 779 Unde
1102 724 1319 792 chrysostomus:

738 814 753 846 r
766 796 798 850 In
811 794 934 866 propriis
953 793 1085 865 peccatis
1107 810 1170 849 non
1183 798 1321 851 erubescu-

736 882 799 923 mus
811 865 956 933 bomines;
968 866 1018 922 sed
1028 865 1206 934 timeamus,
1220 872 1249 922 ut
1258 882 1321 939 opor·

738 943 788 1001 tet,
808 940 907 1006 Deum,
925 937 975 1010 qui
996 943 1027 994 et
1054 954 1136 994 nunc
1168 939 1248 994 videt
1274 954 1322 1011 que

737 1009 821 1078 flunt,
838 1015 866 1066 et
880 1017 947 1066 tunc
962 1008 1049 1083 punit
1070 1008 1191 1080 eosqui
1207 1026 1263 1066 non
1276 1026 1321 1081 pn·

737 1081 885 1138 nitentium
903 1081 949 1138 bic
966 1089 1069 1155 agunt.
1089 1081 1147 1149 Qui
1166 1080 1245 1138 eninr
1258 1098 1320 1138 rere

735 1153 868 1210 cundiam
881 1153 1033 1209 homiuum
1060 1152 1186 1236 inspicit
1203 1170 1273 1210 nune
1286 1170 1320 1210 so

736 1226 805 1293 tum,
823 1228 878 1280 ueo
893 1232 989 1282 autem
1004 1224 1203 1295 inspico-nte,
1219 1242 1273 1281 non
1286 1243 1320 1282 re

735 1298 908 1353 recondatur
928 1313 1014 1369 agere
1047 1296 1173 1369 atiquod
1203 1297 1321 1354 incunte·

734 1368 825 1433 niens,
841 1384 932 1440 neque
947 1371 1007 1425 vult
1030 1370 1183 1440 poenitere
1205 1380 1234 1425 et
1247 1376 1321 1426 trans

737 1439 860 1508 ututuri;
882 1442 910 1496 in
935 1441 984 1497 illo
1015 1441 1075 1509 die,
1096 1441 1239 1498 universo
1264 1443 1319 1498 urbe

735 1517 875 1568 terrarum
903 1512 1119 1581 considerante,
1138 1513 1319 1585 exemplifice-

735 1591 781 1641 tur
804 1583 905 1641 Omniu
920 1586 996 1641 enim
1013 1593 1044 1641 ut
1065 1584 1094 1641 in
1111 1585 1240 1657 imagine
1263 1592 1319 1641 tune

734 1657 849 1712 stabunt
864 1657 1019 1713 seeundum
1035 1658 1141 1713 oculos
1162 1664 1283 1725 nostros,
1295 1660 1320 1712 ut

734 1744 785 1800 per
800 1744 830 1783 se
844 1729 1050 1785 condemnatus
1068 1729 1267 1801 unusquisque
1280 1727 1319 1784 sit.

735 1804 773 1856 lte
790 1799 899 1872 reliquo
930 1800 1027 1872 igitur,
1055 1799 1080 1855 si
1108 1817 1172 1857 non
1190 1800 1319 1871 ruitquis

734 1871 873 1943 divulgari
889 1888 954 1944 qure
971 1888 1024 1929 sue
1048 1878 1116 1928 sunt
1144 1871 1175 1929 in
1198 1873 1246 1928 itta
1270 1872 1319 1939 die,

734 1950 815 2000 sanet
836 1944 896 2014 Jam
913 1944 1052 2013 vulneru;
1081 1943 1174 2001 instat
1191 1944 1267 2001 euim
1290 1944 1320 1999 de

735 2014 844 2087 retiquo
858 2031 994 2072 noxarum
1009 2022 1136 2087 tempus.
1151 2020 1245 2073 Simus
1256 2030 1320 2072 sern-

735 2103 787 2158 per
815 2087 916 2158 parati.
938 2104 995 2143 non
1014 2104 1132 2161 semper
1156 2090 1259 2145 borum
1277 2104 1320 2161 po·

734 2165 865 2214 testatem
892 2158 1072 2217 babebimus.
1104 2160 1256 2227 Quocirca.
1280 2157 1319 2215 bic

735 2231 932 2312 pertineamus,
947 2238 976 2288 ut
997 2231 1037 2288 ita
1064 2232 1223 2304 propitium
1240 2234 1318 2288 Deum

734 2301 912 2359 inveniamus
924 2304 1080 2360 secundum
1095 2306 1225 2361 futuram
1239 2304 1317 2371 etiem,

734 2381 763 2431 et
778 2378 865 2433 multu
881 2376 1024 2447 potiamur
1038 2378 1101 2450 ejus
1122 2375 1315 2435 clementiazr

734 2448 795 2504 brec
815 2449 1032 2518 chrysostomus.

645 2626 773 2686 ORATIO

130 2808 250 2867 Domine
270 2809 338 2867 iesu
355 2807 525 2877 euristeus
543 2808 612 2866 mibi
630 2809 859 2868 incertitudinem
882 2809 938 2869 diei
962 2810 1102 2869 adventus
1118 2810 1162 2869 tui
1182 2811 1317 2886 vigilando

94 2889 122 2938 et
133 2882 205 2938 bene
219 2882 363 2954 operando
377 2884 544 2954 praevenire,
561 2899 595 2939 ne
611 2882 801 2956 votuptatibus
817 2889 845 2940 et
855 2883 1026 2941 vertitatibus
1038 2900 1154 2954 vacans,
1167 2886 1262 2943 subito
1275 2884 1318 2941 in·

91 2960 207 3025 paratus
224 2953 354 3011 inveniar
368 2954 398 3009 in
414 2954 462 3010 itta
475 2953 532 3010 die.
547 2957 655 3011 Praesta
678 2955 758 3024 mibi,
779 2961 809 3012 ut
828 2962 896 3013 tuuc
922 2955 996 3013 inter
1011 2955 1118 3013 electos
1133 2962 1200 3014 tuos
1216 2973 1319 3014 merear

92 3030 140 3082 tua
155 3025 246 3097 gratia
260 3025 472 3093 connumerari,
499 3031 526 3082 et
542 3042 607 3083 cum
624 3026 692 3096 ipsis
706 3028 742 3083 ad
757 3026 860 3098 gaudio
879 3033 987 3085 aeterna
1006 3027 1234 3085 misericorditer
1248 3045 1317 3086 assu

91 3096 130 3152 mi
145 3115 153 3166 3
169 3102 197 3152 et
212 3097 252 3154 sic
262 3114 326 3154 cum
342 3098 449 3154 eisdem
462 3097 556 3154 electis
571 3106 599 3155 et
612 3101 722 3156 Sanctis
737 3100 801 3169 tuis,
819 3115 940 3172 quorum
960 3116 1010 3173 per
1024 3101 1266 3158 resurrectionem
1280 3116 1318 3156 re·

89 3169 238 3224 nocebitur
253 3177 282 3225 ut
295 3173 397 3297 uguitio
407 3171 549 3241 juventus,
560 3186 623 3242 ego,
634 3178 662 3227 te
673 3174 835 3239 miserante,
851 3172 899 3229 ubi
916 3176 946 3227 tu
974 3172 1002 3229 in
1018 3187 1139 3246 corpore
1151 3173 1276 3246 gtorioso
1292 3187 1319 3229 es

92 3247 293 3311 congregatus.
328 3247 408 3299 etna
429 3241 527 3300 satiari
544 3259 658 3301 merear
673 3242 794 3316 risione,
810 3249 839 3302 et
852 3245 993 3302 exsultans
1018 3249 1047 3302 te
1074 3243 1187 3318 jugiter
1209 3245 1318 3302 laudare

92 3309 153 3367 siue
173 3311 241 3368 tine.
259 3316 358 3369 bmeu.

577 3653 715 3728 CAPUT
743 3658 846 3731 XLVI

241 3871 278 3917 bn
292 3870 402 3919 vtottut
417 3874 664 3924 runntsrrtnssmts
679 3879 895 3926 GUSTODIENTIS
909 3879 1025 3927 CONTRA
1041 3880 1143 3927 FUREU

572 3961 680 4007 BONUM
696 3961 786 4008 SUAM.

396 4129 518 4191 ttatthaei
535 4147 598 4203 cap.
615 4133 698 4191 xxiv
710 4140 738 4191 et
757 4137 842 4192 Marci
854 4152 916 4210 cap.
932 4138 1002 4195 rtur.

128 4338 135 4372 ι
152 4315 209 4374 Pru
235 4336 435 4378 stmurunnteu
456 4339 673 4380 rurnrsrsurmus
727 4342 759 4381 rr
774 4342 937 4383 vrornrurrrr
960 4342 1129 4384 recessim.
1145 4357 1178 4370 -
1192 4327 1309 4395 Deinde,

89 4404 261 4447 premerer
277 4409 354 4449 noun
368 4410 474 4451 utrius
497 4412 673 4455 rucnnrrrnno
725 4397 827 4471 probat
843 4414 896 4473 per
911 4399 1081 4472 exemptum,
1102 4398 1180 4473 quod
1209 4405 1252 4459 cst
1269 4398 1308 4457 ri·
