2820 4928
86 405 132 462 sat
452 393 611 451 SECUNDAE
639 396 759 453 liniis
788 395 893 451 catut
923 393 982 449 iiv

87 512 170 573 nitus
183 507 359 574 auferantur,
375 501 426 560 sed
439 502 469 559 in
485 501 541 559 illis
554 518 608 559 nos
621 519 684 560 erii-

90 585 152 643 diat
163 584 253 648 Deus;
267 584 374 636 utrum
387 575 499 632 minora
511 591 611 631 carere
624 591 682 630 nou

91 668 252 729 possumus,
268 648 337 706 certi
358 648 447 705 simus
462 649 537 718 quod
553 662 610 703 non
628 663 681 702 no-

91 727 158 785 stris
173 725 279 780 viribus
291 722 402 792 majora
418 734 595 792 superemus,
610 734 681 774 sem·

90 812 198 873 perque
211 792 339 850 timorati
349 798 378 848 et
390 791 506 848 omnino
519 789 631 847 solliciti
643 789 680 846 si·

91 885 164 933 mus,
177 865 320 939 quomodo
331 865 392 937 eJ'us
400 863 521 936 gratiam
533 878 590 918 non
602 861 682 918 amit·

91 934 679 1011 tamus,quamnobismetipsistantopere.

92 1018 120 1070 et
144 1018 203 1067 tam
228 1009 382 1066 multilarie
406 1006 598 1064 necessariam
620 1020 681 1062 esse

93 1083 255 1142 sentimus:
275 1102 289 1134 i>
310 1083 371 1137 bac
385 1080 552 1136 Romanius.
574 1076 681 1133 Deinde

93 1157 231 1214 Dominus
244 1151 390 1224 subjungit
404 1169 411 1206 t
426 1155 533 1218 lituos,
548 1147 680 1220 discipuli

91 1229 148 1284 mei
163 1225 281 1288 seilicet,
299 1224 397 1280 mundi
412 1227 493 1291 estis,·
512 1224 579 1294 quia
598 1238 614 1276 a
634 1236 680 1277 me

92 1300 245 1356 mundati.
275 1296 436 1354 Secundum
468 1295 679 1363 Augustorum,

92 1377 175 1427 erant
194 1367 305 1436 mundi,
325 1376 462 1439 quantum
479 1366 516 1422 ad
533 1381 635 1421 manus
653 1368 681 1420 et

92 1442 128 1499 ad
144 1448 244 1512 eaput;
260 1456 319 1496 non
333 1444 470 1510 quantum
485 1437 520 1493 ad
537 1437 632 1509 pedes.
648 1438 682 1491 Dt

91 1513 221 1584 sequitur
237 1529 244 1566 ε
261 1512 314 1569 Sed
334 1528 389 1566 noir
406 1525 505 1566 omnes.
528 1511 588 1565 Duo
604 1506 680 1563 enim

91 1589 158 1640 sunt
172 1582 328 1655 praecipua,
338 1580 441 1651 quibus
452 1581 536 1635 honio
552 1595 569 1634 a
582 1594 681 1650 pecea-

91 1656 128 1710 tis
142 1653 305 1721 mundatur,
322 1651 430 1708 scilieet
446 1651 635 1721 eleemosyna,
651 1653 680 1706 et

92 1723 213 1791 earitas;
229 1722 307 1793 atqui
325 1728 424 1778 contra
440 1724 576 1794 primum,
591 1720 679 1778 ludas

93 1795 241 1853 iscariotes
251 1794 297 1850 tur
309 1797 385 1863 erat;
397 1800 495 1850 eontra
508 1792 679 1862 seeundum,

92 1867 198 1925 Christi
211 1865 358 1940 proditor;
370 1873 399 1922 et
411 1865 475 1922 ideo
486 1881 542 1921 uon
556 1864 679 1921 mundus

92 1947 163 1997 erat.
180 1939 225 1997 Sic
240 1955 308 2010 ergo
323 1954 375 2011 per
384 1938 488 2011 pedum
504 1935 679 1994 ablutionem

92 2009 252 2083 designavit
264 2013 403 2067 Dominus
414 2012 497 2066 lesus
510 2008 680 2065 munditiam

92 2082 283 2155 spiritualium
297 2084 412 2164 pedum,
426 2097 488 2166 quae
503 2080 623 2136 maxime
638 2095 680 2134 re·

91 2153 224 2225 quiritur,
241 2153 271 2209 iii
290 2155 473 2210 Eucharistiae
482 2144 678 2278 perceptione.

92 2227 127 2281 Et
144 2225 207 2281 ideo
226 2224 316 2280 voluit
333 2224 428 2280 lavare
447 2240 480 2295 pe
502 2239 532 2279 es
549 2223 679 2294 discipu-

91 2296 184 2351 lorum
207 2309 334 2364 suorum,
357 2302 510 2365 antequam
535 2294 615 2348 daret
638 2290 679 2347 eis

93 2366 136 2423 sui
155 2365 289 2437 Corporis
305 2371 526 2433 sacramentum,
545 2363 583 2419 ad
602 2363 679 2418 desi-

92 2437 238 2510 gnandum
264 2437 340 2507 quod
362 2435 518 2507 spiritualis
540 2433 681 2491 munditia

96 2507 253 2582 requiritur
277 2508 314 2564 ad
339 2507 429 2580 ipsum
455 2507 679 2580 percipiendum.

93 2583 173 2639 Unde
188 2580 228 2636 ait
242 2581 408 2635 anselmus:
423 2583 556 2650 «Corpus
571 2584 599 2635 et
613 2580 681 2634 San·

93 2652 209 2726 guinem
222 2668 303 2708 suum
316 2651 461 2723 discipulis
474 2651 543 2718 suis,
557 2650 585 2704 in
601 2665 682 2705 coena

93 2724 214 2796 mystica
230 2724 355 2791 tradem,
372 2739 470 2780 eorum
488 2722 573 2793 pedes
588 2720 681 2777 bumi-

93 2797 159 2853 liter
186 2795 264 2864 lavit,
289 2795 395 2851 doeens
415 2799 596 2851 sacrosancta
615 2808 682 2864 my-

93 2868 181 2925 .teria
196 2866 310 2923 mundis
327 2868 472 2938 operibus,
490 2871 518 2922 et
535 2865 583 2937 pia
601 2880 682 2919 nien-

92 2885 130 2996 iis
149 2938 308 2996 humililate
328 2939 508 2995 celebranda.
533 2959 546 2987 u
567 2934 682 3007 llystice

95 3011 181 3068 etiam
199 3011 375 3083 signiticatur
392 3012 455 3083 ejus
473 3007 621 3081 sanguinis
640 3007 681 3088 ei·

93 3083 179 3152 fusio,
202 3099 252 3155 per
269 3084 322 3139 hoe
338 3088 414 3154 quod
435 3082 512 3138 misit
532 3095 635 3151 aquam
652 3094 683 3133 in

94 3154 216 3227 pelvim,
243 3160 271 3211 et
304 3159 484 3226 peccatorum
519 3158 682 3209 nostrorum

94 3226 214 3293 ablutio,
238 3243 290 3298 per
311 3232 364 3282 boc
386 3226 460 3296 quod
481 3226 567 3297 eoepit
587 3223 682 3279 lavare

95 3296 182 3369 pedes
196 3296 414 3368 discipulorum
428 3314 461 3353 ae
473 3310 621 3368 poenarum
634 3310 682 3350 no-

96 3372 220 3423 strarum
235 3367 265 3422 in
284 3368 378 3439 seipso
394 3369 546 3440 susceptio,
559 3383 610 3438 per
629 3366 684 3421 boo

96 3435 173 3509 quod
189 3437 271 3491 tersit
284 3443 370 3508 pedes
385 3437 484 3507 linteo,
500 3438 608 3493 scilieet
623 3452 684 3492 eor·

97 3509 176 3582 poris
190 3506 243 3570 sui,
256 3506 323 3578 quia
336 3516 448 3579 peceato
459 3515 555 3564 nostro
566 3508 685 3578 pertulit

96 3585 127 3638 in
142 3595 252 3652 corpore
263 3594 322 3647 sao,
338 3595 421 3650 super
435 3581 550 3648 lignum.

131 3676 146 3726 7
163 3654 290 3710 Leianon
305 3669 337 3706 ur
352 3669 410 3706 irsu
434 3654 518 3708 lunis
541 3670 682 3712 rnomroii.

96 3756 131 3765 -
143 3725 196 3781 Alii
214 3732 307 3781 autem
321 3722 467 3795 discipuli3
483 3724 580 3782 audita
592 3742 685 3798 repre-

98 3797 233 3853 hensione
255 3794 341 3864 Petri,
356 3797 392 3851 de
407 3797 460 3851 hoc
479 3797 555 3867 quod
570 3815 685 3855 recusa-

96 3877 178 3925 uerat
191 3866 386 3940 hujuscemodi
404 3866 553 3947 lotionem,
569 3886 626 3925 non
641 3870 684 3926 fu·

98 3945 181 3997 erunt
200 3939 262 3996 ausi
282 3940 358 3996 ultra
376 3938 536 4010 aliqualiter
554 3955 686 3998 recusare

96 4026 169 4068 eain.
193 4015 348 4068 Considera
366 4028 441 4068 nunc
459 4012 532 4067 bene
558 4010 686 4082 singulos

96 4089 187 4152 actus,
200 4085 229 4138 in
242 4084 296 4140 liae
309 4082 512 4155 benignissima
523 4081 629 4138 lotione
640 4099 687 4154 pe-

98 4154 177 4225 dum,
203 4157 280 4210 omni
302 4155 454 4212 dilectione
480 4163 508 4211 et
526 4153 685 4211 bumilitate

96 4225 193 4297 plena,
213 4231 241 4281 et
262 4226 531 4283 cumadmiratione
554 4227 685 4297 conspice

98 4311 162 4366 quae
178 4305 326 4369 geruntur,
342 4297 409 4369 quia
428 4304 494 4355 sunt
506 4298 617 4355 devota.
634 4300 685 4355 ln-

98 4366 185 4425 clinat
198 4383 229 4423 se
243 4383 355 4425 sumina
370 4369 515 4439 majestas,
534 4375 562 4427 et
573 4368 685 4428 humili·

739 502 806 560 tatis
822 499 972 572 Magister,
996 513 1096 571 usque
1127 495 1324 568 adpiscatorm

740 574 834 647 pedes.
851 575 912 630 Stat
928 571 1110 628 incurvatus
1127 574 1158 626 et
1171 568 1284 641 genibus
1292 572 1326 628 le

739 645 779 703 xis
794 660 889 703 eoram
906 642 977 716 ipsis
989 641 1188 710 sedentibus,
1200 641 1270 698 larii
1280 658 1326 712 pro

759 718 808 775 riis
820 715 953 774 manibus
969 719 1001 772 et
1017 714 1183 796 abstergit,
1191 729 1226 770 ae
1239 713 1328 770 deosru

738 735 813 847 intur
826 788 914 861 pedes
931 785 1081 844 omnium.
1109 788 1159 844 Sic
1180 801 1248 858 ergo
1264 802 1328 858 usque

738 863 773 918 ad
785 865 870 934 pedes
884 858 1107 930 discipulorum
1124 860 1265 914 Dominus
1281 873 1328 914 on-

736 934 815 991 nium
842 929 1035 1002 semetipsum
1055 930 1218 999 humiliat,
1242 935 1268 986 et
1284 946 1329 1003 sup

737 1007 800 1080 plen
813 1002 988 1062 humilitatis
1006 1001 1213 1059 ministerium
1227 1001 1328 1069 exbibet,

738 1073 1329 1150 propterhumilitatisiormam,nonsolum

737 1151 835 1219 verbo,
850 1148 899 1205 sed
916 1147 1050 1219 exemplo
1079 1146 1325 1203 commendandam

736 1227 764 1278 et
777 1220 946 1278 docendam.
959 1219 1019 1276 Sed
1029 1227 1058 1275 et
1069 1218 1147 1275 illud
1156 1219 1327 1290 superexultat

737 1293 936 1360 humilitatem,
952 1299 982 1347 et
1002 1293 1038 1348 ad
1063 1294 1229 1348 maximum
1241 1306 1326 1347 eumu-

736 1366 793 1422 lum
808 1362 977 1421 humilitatis
995 1364 1128 1432 accedit,
1149 1362 1229 1434 quod
1244 1367 1270 1419 et
1286 1360 1325 1435 ipsi

735 1436 873 1509 proditori
885 1451 936 1491 suo
949 1437 1055 1491 eadem
1066 1433 1216 1507 obsequia
1224 1434 1325 1506 prabet,

737 1513 765 1564 et
783 1508 823 1564 illi
849 1523 907 1563 non
931 1506 1111 1578 dedignatus
1135 1511 1183 1565 est
1200 1506 1283 1579 pedes
1298 1505 1326 1561 le

736 1596 813 1648 rare,
833 1580 914 1651 eujus
941 1594 1043 1634 manus
1070 1579 1136 1650 jani
1164 1578 1326 1650 praesidebat

734 1651 902 1734 polluendas
912 1651 940 1706 in
948 1649 1075 1718 seelere3
1088 1650 1120 1705 in
1132 1667 1193 1722 quo
1203 1649 1326 1707 Dominus

735 1722 931 1779 infirmitatem
947 1728 1082 1778 nostram
1106 1722 1326 1792 consolatur,ut

735 1794 759 1852 si
785 1794 898 1922 quando
917 1795 1068 1874 contingat
1095 1810 1150 1851 nos
1165 1795 1225 1877 ‘ab’
1241 1793 1326 1875 amicis

734 1882 785 1993 pro
809 1883 827 1935 i,
842 1865 885 1922 rel
904 1881 921 1922 a
934 1865 1049 1922 famulis
1062 1871 1115 1922 aut
1131 1866 1280 1938 aliquibus
1291 1881 1324 1921 ri·

746 1937 853 1994 ioribus
879 1936 985 1993 malum
1013 1935 1138 2008 aliquod
1169 1936 1243 2010 pati,
1271 1937 1324 1993 ideo

734 2026 791 2065 non
804 2008 1038 2077 scandalizemur,
1051 2008 1325 2081 respicientesluda

735 2082 958 2153 exemplum,qui
972 2078 1099 2136 infinitis
1114 2080 1230 2152 potitus
1242 2079 1323 2149 lionis,

735 2152 765 2208 iu
776 2152 949 2208 contrarium
960 2154 1165 2208 remuneravit
1174 2152 1323 2210 benefacto

735 2240 807 2292 rem,
822 2239 855 2280 ac
870 2224 1018 2279 Dominum
1031 2228 1062 2279 et
1072 2223 1323 2295 Magistrumsed,

736 2312 752 2353 o
767 2312 816 2351 cor
830 2310 962 2365 nequam,
977 2298 1007 2350 et
1023 2294 1088 2367 ipsa
1098 2295 1213 2353 duritia
1225 2295 1322 2363 dumus,

735 2367 758 2424 si
786 2366 826 2422 sie
854 2366 891 2422 ad
910 2370 1017 2422 tantam
1041 2366 1247 2424 humilitatem
1272 2383 1321 2423 non

736 2437 864 2507 mollins,
889 2436 913 2493 si
929 2437 969 2494 sic
992 2439 1152 2495 Dominum
1175 2437 1323 2511 majestatis

737 2526 794 2567 non
809 2508 926 2576 vereris,
946 2508 969 2564 si
997 2509 1037 2565 sic
1057 2526 1153 2581 usque
1179 2512 1217 2567 ad
1244 2511 1322 2592 ipsius

737 2597 849 2651 semper
856 2580 906 2637 tibi
920 2580 1051 2649 benefici,
1064 2598 1126 2638 sem
1152 2597 1321 2654 erqueinno

737 2653 827 2709 centis
843 2650 987 2733 interitum
1005 2652 1109 2708 saevisl
1127 2597 1187 2710 god
1209 2670 1251 2710 vae
1267 2651 1321 2720 tibi,

738 2724 842 2780 miserl
866 2726 907 2779 Tu
928 2723 1044 2794 quidem
1064 2724 1240 2794 obduratus,
1255 2724 1322 2796 quod

738 2794 893 2868 concepisti
909 2794 1064 2864 parturies;
1077 2812 1135 2851 non
1150 2802 1249 2853 tamen
1261 2797 1321 2877 ipse,

738 2870 787 2924 sed
803 2872 832 2922 tii
849 2866 967 2939 peribis.
991 2866 1171 2924 Admiranda
1187 2878 1231 2924 est
1245 2871 1322 2941 igitur

737 2943 818 2996 tanta
833 2938 1002 2995 humilitatis
1017 2946 1045 2994 et
1061 2938 1254 3010 benignitatis
1267 2955 1325 3011 pro

737 3010 860 3067 lunditas
866 3009 1062 3067 Dominilesu.
1071 3010 1152 3066 Unde
1163 3013 1321 3067 anselmus:

739 3105 754 3134 n
769 3084 803 3138 Et
814 3088 842 3138 te
864 3081 979 3153 quidem
993 3080 1184 3154 perditissimi
1200 3083 1323 3155 prodito·

737 3153 778 3210 ris
797 3153 837 3209 tui
855 3152 975 3224 perfidia
996 3169 1053 3209 non
1072 3154 1194 3223 latebat,
1216 3154 1323 3226 quando

738 3226 767 3281 in
783 3226 836 3281 liae
851 3241 933 3281 coena
945 3223 1111 3293 ablutionis,
1128 3224 1219 3281 etiam
1231 3239 1323 3282 coram

737 3297 799 3370 ipso
811 3313 887 3369 genu
901 3298 974 3353 flexo
992 3296 1194 3368 procumbens,
1210 3295 1324 3354 maledi·

738 3374 800 3425 ctos
822 3370 909 3440 pedes
923 3369 984 3440 eJus
1000 3367 1112 3424 veloces
1127 3369 1165 3425 ad
1179 3369 1323 3425 effunden-

737 3440 807 3496 dum
832 3439 998 3511 sanguinem
1022 3444 1112 3509 tuum,
1139 3438 1325 3497 sanctissimis

738 3511 872 3568 manibus
884 3510 937 3567 iuis
950 3515 1112 3580 attrectare,
1124 3511 1235 3581 lavare,
1249 3518 1277 3568 et
1285 3526 1324 3568 ei·

739 3589 852 3654 tergere
866 3582 1000 3655 dignatus
1015 3598 1056 3638 es.
1072 3584 1107 3637 Et
1120 3591 1151 3638 tu
1171 3584 1336 3644 adbuce1·.

739 3659 818 3711 tento
829 3655 900 3710 eollo
915 3654 1059 3711 ambulasl
1076 3653 1099 3710 Ο
1111 3661 1191 3711 terra
1204 3660 1234 3711 et
1246 3654 1324 3720 cinis,

741 3727 834 3782 adhue
850 3725 983 3797 superbia
996 3733 1023 3781 te
1039 3725 1143 3794 elevat,
1157 3727 1253 3783 adhue
1273 3725 1326 3782 im·

742 3797 879 3925 patientia
898 3803 925 3854 te
941 3797 1078 3868 exagitati
1098 3799 1214 3855 Intuere
1236 3796 1325 3856 bumi-

753 3867 1328 3940 itatisetmansuetudinisspeculum,nni·

741 3957 831 3997 versae
848 3941 963 3997 laeturae
978 3942 1153 4010 Creatorem,
1171 3948 1202 3998 et
1219 3948 1327 3998 treme-

741 4013 867 4070 bundum
881 4012 1009 4069 iudicem
1020 4012 1149 4068 rivorum
1167 4018 1196 4068 et
1207 4018 1328 4070 mortuo

740 4100 814 4152 rum,
828 4090 894 4141 ante
909 4084 996 4155 pedes
1012 4083 1147 4153 huminis,
1168 4086 1258 4142 etiam
1275 4091 1327 4141 tra·

741 4155 840 4212 ditoris
850 4154 904 4224 sui,
914 4160 1193 4237 genuaeurvantem,
1204 4156 1282 4213 disce
1294 4155 1328 4213 ab

741 4243 785 4296 eo,
806 4227 872 4299 quia
884 4229 961 4283 mitis
978 4233 1032 4298 est,
1052 4231 1081 4283 et
1096 4227 1215 4284 humilis
1230 4228 1326 4285 corde.

740 4298 920 4356 Contundere
931 4297 960 4355 in
973 4297 1106 4371 superbia
1118 4306 1179 4368 tua,
1191 4301 1327 4357 erubesce

740 4369 770 4427 in
778 4369 1024 4443 impatientiatua.
1036 4371 1092 4427 »Et
1099 4368 1223 4429 iterum:
1234 4371 1326 4429 auum
