2842 4920
403 400 443 453 ull
471 398 700 454 ruuluctloltlt
727 398 970 453 ltt'lttlttllts
1273 396 1304 449 li

73 513 169 565 lorum
187 505 324 564 secundae
338 504 443 563 tabulae
470 511 513 564 eet
532 521 661 564 necessa·

71 581 119 638 ria
134 580 320 645 adsalutem,
335 578 425 635 multo
445 578 548 637 lortius
562 582 661 636 obser-

73 653 172 709 vantia
201 651 404 707 mandatorum
435 652 535 723 primae
559 650 664 708 tabulas

73 732 117 783 est
133 723 297 782 necessaria
307 725 341 779 ad
352 722 577 780 eamdemUndc
591 724 664 780 bene

73 796 144 855 dicit
168 796 335 868 Apostolus,
361 795 438 865 quod
459 813 466 850 :
487 796 541 863 Qui
568 796 664 865 diligit
688 819 690 823 >

70 872 246 942 praeimum,
266 870 361 936 Legem
381 869 522 938 impletum
549 870 617 938 quia
634 866 664 923 in

73 939 230 997 dilectione
257 937 377 1011 proximi
401 938 570 1011 intelligitur
592 939 664 996 dile·

72 1012 131 1070 ctio
150 1011 200 1068 Dei
227 1016 258 1067 ut
277 1010 344 1067 llnis
356 1016 474 1083 propter
496 1026 581 1082 quem
598 1026 664 1082 pro·

74 1087 170 1140 ximus
184 1082 314 1155 diligitur
327 1100 334 1140 ι
349 1082 416 1154 quia
428 1085 574 1155 proximus
584 1081 665 1156 diligi

75 1157 163 1212 debet
180 1159 298 1228 propter
314 1155 416 1224 Deum,
432 1158 460 1211 et
484 1170 574 1212 none
596 1170 664 1211 con·

76 1244 172 1285 verso.

113 1304 130 1354 ὅ
145 1301 185 1356 lin
199 1316 286 1355 onaan
301 1301 441 1356 Dneanoer
455 1314 614 1355 ranerius.
630 1328 666 1340 -

79 1371 381 1498 Pertpraedtctaetiam
392 1370 516 1427 ostendit
526 1371 665 1439 Salvator,

81 1459 137 1515 quo
171 1442 574 1570 observantiaJoraeccptorum
587 1440 666 1498 ceri-

80 1513 247 1572 monialium
274 1519 302 1570 et
322 1515 355 1586 J‘u
376 1514 500 1572 icialinm
523 1530 579 1571 non
604 1517 667 1569 erat

76 1586 201 1714 amplius
215 1585 378 1644 necessaria
399 1587 588 1653 adsalutem,
616 1584 666 1642 sed

77 1660 126 1716 sul
133 1657 228 1715 rciunt
241 1658 341 1716 docem
361 1659 490 1731 Deculogi
511 1662 664 1730 praeopta.

75 1732 204 1799 Quorum
213 1729 338 1803 primum
349 1735 402 1786 est:
414 1734 473 1787 allon
482 1731 666 1786 babebisdeoa

77 1805 196 1869 alienos,
205 1801 233 1857 id
243 1808 287 1858 est
299 1816 399 1857 verum
411 1803 497 1858 Deum
514 1804 667 1857 solummo-

76 1873 116 1930 do
131 1875 210 1931 coles
224 1880 252 1930 et
269 1888 434 1945 supereum
450 1872 519 1929 nibil
545 1871 666 1930 amabis.

76 1945 161 2002 tlutli
175 1944 252 2003 enirn
269 1944 356 2002 hodie
371 1950 437 2000 sunt
451 1945 498 2016 qui
520 1944 573 2001 sibl
599 1948 667 2001 deos

76 2017 192 2074 alienos
207 2016 334 2086 laciuut3
347 2033 423 2082 nam,
434 2017 507 2072 sicut
521 2018 591 2072 dicit
605 2018 666 2073 Au-

73 2093 218 2158 goslinus,
251 2089 306 2145 boc
339 2089 376 2145 ab
407 2087 523 2145 bomine
552 2088 665 2153 colitur,

77 2161 156 2233 qriod
175 2177 236 2235 prae
255 2161 357 2218 ceteris
371 2159 509 2228 diligitur.
525 2160 667 2232 Superbus

76 2233 167 2304 igitur
183 2249 234 2304 pro
250 2236 308 2290 Deo
324 2233 411 2289 habet
430 2231 604 2304 superbiam.
624 2232 665 2287 ln·

76 2303 213 2360 aurio-us
224 2304 373 2365 luxuriam.
386 2320 490 2360 avarus
505 2303 666 2371 avaritiam,

77 2376 155 2432 etsie
164 2375 200 2432 de
209 2375 322 2432 ceteris.
334 2377 495 2433 Secundum
506 2393 513 2430 ε
524 2379 584 2434 Non
593 2391 669 2430 ossu-

75 2449 668 2516 maenomenlleitaiinoonaminostuum,

77 2520 105 2575 id
125 2525 241 2575 estnon
260 2520 545 2603 blasphemabis-nec
558 2520 670 2591 jurabis

77 2590 209 2648 indebite
218 2590 246 2647 in
257 2608 373 2648 nomine
387 2590 523 2648 sublatis
535 2590 669 2663 inJ'uriam

75 2663 147 2718 lacit
162 2664 231 2728 Deo,
248 2677 334 2734 quem
348 2662 378 2719 iu
393 2662 589 2720 testimonium
610 2677 670 2718 suat

77 2732 216 2790 falsitatis
225 2733 350 2801 invocat,
363 2735 444 2817 quasi
457 2737 532 2791 Deus
551 2734 669 2790 menda·

74 2805 153 2862 cium
170 2805 290 2878 diligat3
313 2814 341 2862 et
358 2808 411 2863 sibi
443 2806 490 2877 qui
518 2805 546 2862 in
561 2806 669 2878 iudicio

76 2877 130 2934 Dei
150 2878 330 2959 puniendum
341 2893 372 2933 se
388 2877 506 2961 obligat,
520 2880 543 2935 si
557 2894 614 2933 non
629 2882 672 2934 est

76 2950 118 3005 ita
135 2956 210 3006 sicut
218 2951 314 3021 iurat;
335 2955 364 3006 et
378 2965 520 3022 proximo,
536 2952 604 3020 quia
622 2964 673 3019 per

78 3020 182 3077 salsam
202 3021 376 3094 J'urationem
401 3021 494 3093 ipsum
518 3019 622 3091 decipit
645 3024 674 3076 et

83 3091 243 3149 delraudat.
255 3092 393 3149 Tertium:
405 3095 548 3159 Memento,
557 3098 588 3147 ut
601 3092 673 3146 diem

83 3164 375 3235 sabbatisonctitiees;
391 3170 421 3220 ut
436 3166 513 3221 ineo
529 3161 675 3220 moraliter

83 3249 144 3290 non
164 3252 274 3304 pecces,
299 3241 327 3292 et
354 3236 430 3291 mala
456 3235 536 3292 vites.
570 3235 674 3291 Contra

80 3314 258 3378 praerepturu
270 3307 345 3364 istud
355 3312 461 3376 peccat,
474 3310 521 3379 qui
533 3322 618 3362 caiisa
629 3322 674 3363 cu·

79 3376 213 3450 piditatis
228 3378 258 3434 in
279 3379 398 3436 sabbato
424 3395 496 3452 opus
511 3377 612 3434 servile
627 3378 639 3432 l
656 3407 675 3420 -

79 3449 133 3517 cit,
153 3449 197 3505 vel
212 3449 330 3521 aliquod
349 3457 498 3523 peccatum
510 3448 674 3519 committit,

79 3520 124 3576 sel
140 3536 229 3592 opera
242 3521 445 3579 misericordiae
459 3521 593 3587 dimittit;
608 3537 675 3591 quo·

77 3591 186 3650 niarna
201 3593 284 3650 bonis
296 3593 431 3666 operibus
447 3610 502 3650 non
516 3599 560 3650 est
571 3609 674 3650 vacan-

79 3663 151 3720 dum
180 3666 317 3733 Quartum
335 3668 461 3722 :Honore
476 3672 582 3737 petrem
595 3672 674 3721 trium

79 3741 107 3790 et
133 3743 251 3792 raotrem
277 3743 364 3800 tuam,
394 3737 501 3794 scilicet
518 3736 559 3793 eis
575 3734 673 3793 obedi-

78 3806 170 3873 endo,
180 3813 208 3863 et
220 3808 414 3880 obsequendo,
431 3817 459 3864 et
469 3807 671 3876 subveniendo,

78 3883 171 3948 atque
180 3879 328 3938 animabus
343 3897 442 3938 eornm
456 3880 617 3936 miserendo
627 3897 633 3946 ;
645 3881 673 3935 in

80 3949 237 4007 boeotiam
252 3955 386 4008 mandato
402 3952 568 4036 praeripitur
582 3952 674 4008 honor

77 4027 200 4091 patrum
217 4023 418 4094 spiritualium,
440 4024 548 4081 scilieet
566 4027 671 4093 praela·

79 4097 190 4151 torum.
210 4095 345 4164 Quintum
366 4115 372 4153 :
391 4100 450 4155 Non
470 4097 586 4159 occides,
608 4111 673 4167 ope-

78 4179 124 4234 re,
147 4168 245 4235 verbo,
276 4167 462 4239 negligentia,
486 4166 671 4239 cogitatione,

78 4238 201 4308 anxilio,
217 4255 370 4308 consensu,
385 4241 460 4297 malo
473 4240 613 4308 exemplo,
628 4240 673 4295 vel

78 4312 181 4383 aliqua
200 4310 358 4369 occasione.
381 4311 570 4369 Homicidium
586 4309 672 4368 etiam

77 4382 240 4454 aliquando
258 4383 292 4440 tit
305 4383 390 4442 corde
408 4399 460 4457 per
484 4384 598 4456 odium;
618 4381 670 4440 ali·

720 509 835 583 quando
863 526 923 572 ore,
948 523 1001 580 per
1021 506 1139 564 verbum
1158 505 1306 563 detracto-

720 586 803 640 rium:
818 581 1076 654 aliquandoopere‚
1090 596 1139 641 uer
1151 580 1307 638 tartlmut

721 656 796 711 istud
809 655 941 711 ultimum
961 662 1005 710 est
1032 652 1137 725 triplex
1161 670 1167 707 :
1187 652 1304 721 quidam

720 727 795 784 enim
814 726 946 783 orridnnt
971 741 1074 798 eorpus
1093 727 1219 790 tantum;
1242 724 1306 791 nui-

721 800 784 856 dam
796 799 919 855 animam
931 803 1053 866 tantum,
1070 795 1184 869 quaudo
1197 795 1306 855 scilicet

720 873 840 929 trallunt
851 870 886 927 ad
895 876 1044 942 peecatum
1056 889 1063 937 ;
1074 867 1190 953 quidam
1199 873 1305 926 utrum·

720 960 785 1015 que.
802 942 917 1015 quando
932 941 1040 998 srtliret
1052 939 1155 1012 aliquis
1171 939 1306 997 interlicit
1368 1003 1371 1009 ,

720 1015 854 1088 seipsum.
869 1014 913 1069 rel
927 1013 1014 1070 alium
1027 1012 1055 1069 in
1070 1017 1186 1085 peccato
1204 1017 1308 1070 morta·

721 1089 740 1143 ll
756 1085 934 1144 existentem.
952 1087 1066 1141 Sextum
1083 1086 1165 1143 :Non
1184 1084 1307 1141 muclo-

722 1161 802 1217 beris.
812 1155 1138 1231 operandocogitaudo.
1152 1156 1306 1228 loquendo,

721 1232 764 1288 vel
776 1232 804 1285 in
814 1228 1013 1302 jurisdictione
1029 1232 1077 1284 lua
1088 1225 1305 1283 fornicationum

722 1301 899 1361 sustinendo.
913 1301 1027 1357 l‘erhoc
1046 1304 1140 1355 autom
1152 1297 1227 1368 quod
1239 1297 1309 1355 dixit

724 1375 860 1429 llrrminus
883 1391 889 1429 ε
921 1375 982 1430 Non
1010 1371 1196 1451 mechaberis,
1216 1369 1312 1443 protil-

721 1441 1186 1515 beturomniscarnaliseppetitus
1199 1449 1227 1498 et
1242 1457 1304 1498 ror·

723 1517 827 1589 ruptio,
846 1521 951 1588 praeter
978 1531 1041 1572 eam
1065 1531 1128 1586 quae
1151 1517 1195 1570 est
1212 1511 1311 1570 matri-

723 1587 821 1645 monii.
833 1587 1005 1661 Septimum:
1022 1589 1199 1652 llonsurtum
1209 1587 1311 1655 socies,

722 1660 817 1718 aliena
830 1660 1045 1730 quomodolibet
1057 1657 1107 1714 tibi
1123 1657 1308 1729 attrahendo,

723 1732 766 1790 vel
781 1749 812 1788 ra
821 1731 926 1800 aliena,
943 1731 1032 1787 invito
1047 1729 1176 1787 Domino.
1191 1728 1311 1786 utendo.

724 1807 779 1861 Per
792 1805 901 1861 tiirtnm
917 1803 1090 1874 intelligitur
1104 1817 1188 1858 omne
1205 1801 1311 1857 malum

723 1878 848 1933 ablaturo
879 1893 886 1932 ε
911 1874 970 1932 siva
991 1874 1100 1930 occulte
1126 1872 1254 1930 laniendo
1280 1871 1309 1928 in

724 1947 858 2019 acceptis:
877 1947 935 2004 sive
961 1946 1089 2003 fraudem
1106 1944 1262 2002 exercendo
1278 1942 1308 2000 iu

724 2019 959 2082 mercationibus,
983 2019 1042 2073 sive
1069 2016 1227 2072 mercedem
1254 2030 1312 2072 non

724 2091 861 2149 solvendo
885 2089 1035 2162 operariis.
1060 2088 1195 2144 Octavum
1219 2104 1226 2143 :
1251 2089 1313 2144 Non

724 2165 845 2236 loqueris
861 2167 956 2219 contro
970 2161 1133 2234 proximum
1154 2164 1230 2215 tuum
1241 2158 1312 2242 ,sol-

723 2250 784 2293 sum
806 2237 1003 2302 testimonium,
1019 2247 1105 2289 omne
1120 2231 1310 2301 mendacrum,

724 2307 833 2376 dolum,
862 2305 1080 2373 detractionem,
1105 2303 1309 2363 adulationem.

725 2379 908 2436 calumniam.
930 2384 959 2434 et
979 2376 1138 2434 doctrinam
1159 2389 1311 2432 orrorteam

725 2450 1018 2521 devitanrlo.,Nonum
1036 2465 1043 2504 :
1059 2451 1120 2507 Noa
1140 2450 1312 2518 concupisces

725 2524 846 2590 domum,
867 2522 909 2579 vel
938 2537 1049 2592 agrum,
1078 2519 1121 2575 rel
1145 2519 1231 2576 aliam
1250 2531 1311 2574 rem

723 2597 848 2668 proximi
873 2597 941 2661 tut3
967 2591 1017 2649 tali
1045 2589 1176 2647 videlicet
1204 2593 1309 2657 mente,

726 2666 801 2738 quod
817 2666 904 2722 velles
924 2664 978 2721 ista
998 2662 1047 2719 tibi
1064 2678 1127 2719 cnm
1143 2678 1193 2719 suo
1208 2660 1312 2717 damno

726 2739 872 2810 adaptare.
890 2739 1035 2793 Decimum
1050 2751 1056 2790 :
1073 2737 1128 2793 Nee
1143 2732 1313 2789 desiderabis

726 2826 850 2875 umorem,
864 2807 1030 2874 aemomvrl
1048 2808 1179 2861 ancillam
1190 2804 1313 2875 pronimt

727 2883 780 2947 tut,
796 2880 881 2936 corde
905 2877 1119 2943 consentiendo,
1135 2892 1185 2957 ore
1207 2873 1312 2957 sollici·

727 2951 827 3012 tando.
860 2957 909 3006 aut
931 2965 1017 3014 opere
1052 2951 1313 3014 concupiscentiam

728 3021 913 3095 perficiendo.
930 3022 995 3077 llaec
1021 3019 1068 3090 qul
1083 3014 1244 3091 perfecerit,
1260 3015 1313 3073 sal·
1400 3020 1409 3031 “

729 3093 790 3149 vari
813 3094 927 3165 polerit.

759 3166 1319 3234 dConsumitsubremanere-:araris—

729 3237 769 3294 Aa
781 3240 830 3293 ille
846 3238 1002 3292 adolescens
1011 3236 1081 3291 dieit
1096 3235 1142 3290 illi
1156 3252 1164 3289 ε
1181 3234 1314 3301 Magister

730 3312 786 3366 bae
799 3308 1037 3365 omniorustodioi
1051 3324 1068 3363 o
1079 3307 1314 3375 juventudinem

731 3382 807 3453 quod
816 3380 943 3437 tamenin
956 3379 1052 3436 multis
1061 3376 1201 3436 reliniosis
1210 3376 1253 3433 vix
1265 3376 1315 3434 ali·

730 3456 793 3579 guis
804 3453 889 3509 hodic
901 3451 1051 3523 reperiret,
1064 3450 1133 3522 quid
1145 3450 1235 3506 adbuc
1245 3451 1316 3506 milii

750 3527 905 3580 aestuosos
916 3527 1034 3580 intuitus
1048 3523 1228 3589 eum,dilem't
1242 3538 1313 3585 eum,

728 3601 847 3668 propter
856 3596 960 3652 bonam
973 3593 1218 3652 conversationem
1235 3608 1318 3649 suam

730 3669 914 3740 praeteritam,
926 3682 959 3722 ae
969 3672 1038 3723 tunc
1052 3664 1176 3722 ostendit
1193 3662 1245 3721 sibi
1260 3665 1318 3720 vul·

729 3745 789 3795 tum
804 3737 1004 3805 amicabilem
1036 3743 1061 3794 et
1083 3737 1225 3793 instruens
1249 3750 1316 3793 cum

729 3810 765 3867 de
780 3809 965 3883 perfectione,
994 3809 1071 3865 dicit
1099 3811 1145 3864 illi
1178 3825 1185 3864 :
1216 3808 1316 3863 Adhuc

728 3900 813 3938 anaim
829 3882 882 3938 tibi
894 3883 978 3950 deest,
997 3881 1089 3953 qtioad
1103 3883 1207 3936 statum
1225 3877 1316 3948 perle-

729 3953 841 4023 cdouis,
865 3953 971 4010 scilicet
998 3955 1103 4009 bonum
1129 3947 1314 4030 paupertatis.

729 4025 810 4095 Quia.
836 4025 888 4080 etsi
924 4027 1123 4082 mandatorum
1151 4021 1314 4077 obsorratm

729 4096 835 4155 sullieit
857 4097 893 4154 ad
916 4100 1047 4154 salutem.
1079 4109 1134 4148 nou
1159 4096 1256 4147 tamen
1278 4091 1315 4148 ed

728 4169 921 4242 evangelicam
951 4165 1170 4242 perlectionem
1205 4163 1254 4220 sed
1279 4162 1316 4219 ad

728 4242 801 4298 bane
811 4243 897 4298 etiam
908 4233 1231 4312 requiriturobserratio
1247 4251 1314 4291 con·

728 4312 915 4379 siliorrim,*in
944 4306 1138 4382 quaprimum
1164 4310 1207 4364 est
1230 4307 1313 4364 abre·

728 4383 868 4440 nuntiatio
892 4379 1104 4453 temporalium,
1127 4385 1154 4436 et
1192 4377 1257 4436 ideo
1280 4378 1318 4434 de
