2820 4928
247 300 289 355 DE
316 300 511 363 OUAESTIONE
539 302 644 357 sttrtttt
673 302 819 357 tototro
845 302 1029 371 sotvtttuu,
1056 304 1124 359 Hb
1256 304 1304 359 229

65 422 133 483 quae
146 414 191 467 est
205 409 289 466 arrha
299 406 409 479 gloriam
421 411 450 465 et
463 405 527 466 ideo
541 409 655 479 quaudo
678 416 682 471 t
715 408 836 466 moritur
856 425 920 467 rum
944 425 1075 483 corpore,
1094 410 1145 468 sed
1160 414 1204 469 est
1219 417 1308 471 aeter·

21 530 24 538 .
64 480 130 541 trec
142 479 317 539 resurrectio
331 480 442 538 firmata
456 485 510 549 est,
525 496 577 553 pcr
589 497 655 552 pro·
679 484 682 492 '
713 497 760 537 na.
775 483 806 536 tt
821 496 871 551 per
885 483 938 539 boc
948 482 1051 555 probat
1062 482 1304 543 resurrectionem

63 552 191 627 positum
220 552 337 609 carendi
365 550 531 621 ortanum,
551 553 656 609 tirrna-
713 569 875 624 corporum,
895 571 927 610 er
950 555 1303 628 veritatejustitiae.tt¹am

10 620 31 701 '·[
63 630 128 683 turn
143 626 239 698 protes
255 624 320 680 ione
345 623 501 693 religionis.
518 633 545 678 rt
568 630 653 682 etiarn
678 632 681 697 ,²
712 623 905 682 cumdiratse
920 628 1007 682 Deum
1020 628 1223 695 Abrabamet
1238 629 1306 686 atio·

12 694 21 730 ³
65 696 260 755 observaturo.
277 702 345 751 tuno
371 702 414 751 cst
437 695 593 753 simditodo
618 699 652 753 art
678 714 680 779 ἡ
712 712 775 752 rum
799 696 844 766 qui
866 697 1024 754 servierunt
1039 698 1063 755 ei
1081 703 1115 755 tn
1132 700 1306 771 corporibus

64 768 225 841 angoto-on
241 767 338 834 vitam,
351 771 414 837 quia
431 784 481 838 prr
494 768 654 825 castitatem
712 769 783 835 suis,
796 768 903 839 justum
924 777 967 826 est
984 778 1015 825 nt
1034 772 1062 826 bi
1081 776 1304 830 remunerentur

10 842 23 877 2¹
63 838 102 897 flt
115 839 446 909 conformitasangeticae
459 838 571 903 puritati
600 845 680 939 nup
712 856 776 897 cum
792 841 962 911 corporibus
987 841 1056 913 ipsis
1074 842 1102 899 in
1119 843 1222 913 quibus
1240 860 1302 901 me-

12 916 28 951 ῑ·
105 909 124 967 li
145 927 258 983 quoque
279 911 409 967 siroititer
424 910 493 967 nibil
510 911 654 978 pos-ident
712 918 840 967 ruerunt.
853 914 884 967 Et
896 912 1232 971 universatiteromniom
1244 917 1304 972 bo-

61 926 105 1041 Εἰ
115 984 169 1039 boc
184 984 301 1047 mundo,
314 990 342 1039 et
362 984 499 1039 obediunt
519 983 653 1039 continue
677 1016 680 1027 ·
713 983 819 1039 minuto
840 999 961 1055 corpora
980 991 1008 1040 et
1026 985 1141 1050 animae,
1161 988 1238 1043 burra
1258 986 1304 1044 rel

60 1052 122 1127 ipsi
136 1056 204 1113 Deo.
222 1054 285 1111 ttati
299 1070 367 1125 ergo
386 1061 452 1110 sunt
466 1053 588 1122 desides,
604 1053 653 1124 qui
677 1032 680 1109 l
711 1055 787 1110 mota
801 1055 882 1111 simut
896 1056 1028 1139 recipient
1041 1073 1103 1127 uuae
1119 1057 1201 1113 simut
1214 1074 1305 1115 meru·

62 1140 103 1185 ex
124 1126 184 1185 suis
206 1126 339 1197 operibus
356 1127 438 1180 bonis
455 1142 509 1181 non
530 1127 653 1198 reique-
677 1136 680 1193 5
711 1131 806 1182 erunt.
828 1126 900 1193 Quia
917 1144 992 1183 eorm
1012 1128 1097 1185 bomo
1126 1128 1240 1197 meruit,
1260 1131 1304 1187 rel

62 1201 139 1255 runt
152 1214 261 1265 senten,
278 1205 307 1254 et
325 1196 431 1268 aliquid
452 1212 487 1252 nn
499 1197 591 1254 morio
605 1197 652 1253 oi-
677 1204 680 1255 ἱ
711 1198 873 1265 demeruit,
893 1199 988 1255 anima
1008 1199 1090 1256 simul
1110 1200 1143 1255 et
1163 1216 1303 1272 corpore;

63 1282 179 1343 gnum
201 1274 230 1327 et
257 1270 351 1326 adbuc
378 1270 491 1341 priores
517 1276 582 1324 sunt
606 1268 653 1339 qui
678 1278 680 1283 ’
713 1270 776 1325 ideo
799 1269 829 1324 in
851 1270 947 1327 sutoro
971 1271 1117 1342 punietur,
1137 1276 1178 1328 ret
1208 1288 1305 1328 remu·

63 1341 234 1397 memoriani
253 1343 305 1397 'sui
340 1341 375 1397 de
407 1338 489 1397 uraris
521 1340 681 1417 operibusi
712 1342 1304 1413 noraotonotnnttormentatio-au-

64 1410 131 1469 suis
143 1412 328 1482 reliquerunt.
678 1462 680 1467 .
712 1419 768 1468 torn
786 1428 843 1467 non
862 1419 952 1484 potet
974 1414 1044 1475 tirri.
1064 1414 1119 1471 nisi
1138 1415 1189 1470 bat
1204 1431 1302 1471 rasur-

107 1487 372 1541 otnronranniren
390 1501 529 1540 tornantur
554 1500 653 1541 conro-
712 1491 799 1539 recito
816 1501 985 1555 corporum;
1002 1492 1031 1542 rt
1049 1486 1111 1543 idco
1128 1493 1240 1542 constat
1256 1489 1301 1545 iu·

65 1572 180 1619 ouuoue
194 1574 430 1613 aescnnucrrosru
447 1574 549 1611 rnonsr
570 1557 653 1611 Dour·
678 1598 680 1617 .
713 1561 803 1611 turam
812 1572 873 1612 ose
884 1573 1035 1628 corporum
1050 1558 1299 1616 resurrectionem.

66 1644 179 1685 rcus-
212 1630 367 1698 Postquam
395 1636 488 1683 antem
517 1622 680 1709 moninus]
713 1629 802 1683 Unum
816 1644 884 1699 ergo
897 1635 996 1699 probat
1010 1628 1299 1701 Donrinuserpresse,

63 1699 214 1783 respondit
225 1700 262 1757 ad
275 1716 372 1756 eorum
387 1697 651 1769 interrogationem,
677 1714 680 1755 t
711 1698 818 1755 scittrot
839 1701 913 1771 quod
942 1700 1046 1757 animae
1061 1716 1175 1772 semper
1190 1700 1299 1773 vivant,

63 1776 96 1828 et
115 1786 241 1842 ipsorum
267 1771 422 1827 confutarit
437 1787 575 1843 errorent,
589 1778 653 1827 sta·
711 1787 763 1826 neo
779 1787 844 1826 cum
868 1772 1036 1843 corporibus
1051 1771 1213 1842 intereant,
1227 1774 1299 1830 alte·

62 1840 118 1899 tim
138 1842 234 1901 subdit
255 1845 290 1899 dc
309 1848 529 1901 resurrectione.
545 1846 651 1897 contir-
677 1850 681 1905 i
712 1857 774 1898 rum
803 1858 854 1914 per
880 1859 1068 1912 consequens,
1084 1844 1193 1900 scilicet
1221 1845 1300 1916 quod

62 1913 173 1972 maudo
199 1914 348 1971 raritatem
374 1912 591 1970 resurrectionis
605 1929 653 1970 au-
678 1910 681 1989 j
712 1929 832 1984 corpora
847 1919 1007 1983 resurgant.
1020 1918 1101 1981 item,
1113 1923 1231 1988 propter
1246 1932 1298 1972 na·

62 1986 200 2045 ctoritate
213 1986 378 2058 Scripturae.
395 1986 570 2042 Probaturus
584 2001 652 2056 ergo
678 2000 681 2043 ε
712 1984 835 2040 turatem
858 1987 1015 2055 appetitum
1038 1992 1067 2041 et
1083 1985 1298 2043 inclinationem

60 2057 303 2117 resurrectionem
338 2073 511 2129 corporum,
545 2048 682 2127 inducit¹¹
712 2055 873 2112 animarum
888 2057 924 2112 ad
940 2072 1060 2127 corpora
1074 2056 1227 2128 sun3quia
1246 2074 1297 2114 na-

60 2128 262 2189 auctoritatem
287 2130 323 2186 de
342 2129 436 2186 Exodo
452 2133 604 2200 sumptam,
625 2132 652 2185 ot
678 2134 682 2163 ¹
712 2128 804 2184 turate
821 2133 864 2184 est
887 2127 1038 2184 animabus
1061 2127 1224 2185 desiderare
1247 2145 1298 2186 sua

59 2203 167 2277 probat
192 2200 284 2271 primo
310 2200 520 2274 perennitatem
540 2199 652 2257 animo·
679 2220 682 2289 p
711 2215 841 2270 corpora.
862 2207 894 2256 ut
912 2216 976 2256 rum
994 2198 1064 2271 ipsis
1088 2199 1296 2271 glorificentur,

59 2288 140 2343 rum,
161 2290 246 2347 quam
267 2273 307 2331 itti
328 2274 489 2343 negatarum
512 2289 567 2344 qna
584 2289 651 2344 pro·
679 2310 681 2327 .
711 2286 775 2327 curn
790 2270 891 2343 quibus
905 2276 1084 2339 meruerunt3
1101 2276 1130 2328 et
1141 2271 1216 2341 ideo,
1228 2288 1297 2331 nea

57 2344 133 2405 baro
146 2351 353 2415 consequentcr
367 2346 468 2419 probat
481 2350 509 2400 ot
523 2361 651 2401 resurro-
677 2330 681 2433 J
710 2359 763 2400 suo
781 2342 922 2401 desiderio
935 2344 1111 2405 fraudentur.
1126 2360 1243 2403 necesse
1253 2349 1296 2401 est

58 2416 187 2475 ctionem
202 2434 365 2490 corporum,
379 2433 442 2488 quae
458 2433 520 2472 cum
535 2416 651 2473 anima·
677 2440 680 2469 :
710 2421 741 2472 ut
759 2414 800 2471 eis
816 2432 866 2472 sna
891 2432 1012 2488 corpora
1040 2416 1210 2486 reddantur,
1226 2415 1295 2488 quta

57 2489 116 2548 tius
136 2490 211 2548 bona
231 2491 341 2546 matare
358 2495 517 2561 gesserunt.
539 2492 598 2544 tt'on
616 2491 650 2543 te·
676 2482 680 2529 t
710 2492 807 2543 anima
826 2504 881 2544 non
902 2493 994 2559 potest
1019 2504 1080 2544 esse
1095 2488 1220 2559 perfecte
1235 2488 1295 2560 qui·

34 2570 38 2577 '
57 2563 146 2633 pistis
160 2562 236 2633 quod
250 2564 354 2617 dictum
378 2568 449 2617 esta
470 2564 524 2616 Dco
546 2561 651 2616 directe
675 2564 679 2583 ¹
710 2563 766 2626 eta,
782 2575 833 2614 nec
847 2559 929 2615 bonta
947 2559 1001 2614 nisi
1016 2559 1143 2615 unitatur
1157 2575 1220 2616 rum
1236 2576 1296 2616 cor·

58 2634 152 2697 uobis,
179 2632 208 2689 in
234 2634 329 2690 Exodo
356 2632 487 2689 sciticct:
508 2635 566 2700 Epo
590 2649 650 2686 som
676 2658 679 2679 ι
710 2646 789 2701 porc,
806 2629 840 2685 ad
855 2631 937 2700 rujus
955 2629 1089 2686 unionem
1106 2629 1294 2687 babetincti-

55 2706 134 2763 neos
148 2706 425 2771 auctionatores
440 2708 527 2768 tarino,
544 2710 569 2759 ct
581 2707 651 2760 deus
676 2684 679 2767 Ι
711 2701 853 2758 nationem
880 2702 1051 2769 natural-m,
1068 2706 1096 2757 et
1115 2699 1155 2757 ita
1174 2717 1295 2773 corpora

55 2778 172 2835 Jacob?
200 2778 318 2845 Quando
347 2779 400 2833 boc
425 2778 498 2833 [tous
524 2775 649 2845 diri-bat,
676 2774 679 2841 Ι
709 2779 859 2841 resurgent
889 2773 939 2830 toi
967 2775 1171 2838 Hieronymus:
1191 2797 1203 2819 κ
1224 2776 1294 2829 tium

54 2846 121 2923 jam
148 2847 191 2905 itti
223 2848 327 2905 nior-tui
355 2853 456 2911 crant;
479 2848 525 2903 itte
554 2859 649 2903 autom
676 2846 679 2893 t
709 2850 804 2900 antem
833 2843 901 2900 dicit
922 2862 928 2899 ε
949 2847 1025 2900 Deus
1044 2844 1295 2912 Abrabam,Deos

55 2936 115 2977 non
128 2924 250 2977 estDeos
264 2926 443 2981 mortuorum.
456 2919 484 2975 id
500 2924 543 2975 est
557 2918 649 2974 omni·
710 2919 798 2983 Isaac,
814 2918 888 2971 tirus
907 2917 1005 2983 Jacob,
1023 2920 1066 2969 tor
1086 2916 1175 2971 Deum
1196 2913 1295 2971 norni-

57 3006 100 3049 πο
120 3008 176 3047 uon
196 2992 389 3060 existentium,
414 2993 461 3047 sed
485 2993 649 3057 virontiam,
710 2987 803 3043 nando
818 2985 1154 3053 Trinitatemintimarit;
1169 3001 1293 3043 cumau-

61 3065 92 3121 οἱ
113 3062 306 3133 existentium,
323 3080 391 3133 erro
421 3062 473 3132 ipsi
499 3061 598 3117 vivunt
622 3066 650 3118 ot
709 3065 766 3114 torn
783 3058 850 3114 dicit
864 3075 871 3113 t
887 3060 946 3115 iton
961 3064 1004 3115 est
1016 3059 1089 3113 Deus
1104 3062 1292 3125 mortuorum,

62 3132 196 3192 existunt.
224 3136 306 3192 ttatio
331 3135 396 3192 talis
414 3140 457 3191 est
475 3151 482 3189 ε
503 3135 577 3190 Deus
593 3149 649 3189 non
676 3184 678 3195 ,
710 3146 798 3186 unum
814 3133 901 3187 Deum
921 3130 1041 3198 iterans,
1058 3144 1143 3186 unam
1157 3130 1292 3186 substan·

61 3204 170 3263 dicitur
180 3207 319 3267 Dominus
336 3224 430 3264 rerum
447 3222 504 3263 uon
528 3204 650 3262 existen·
711 3202 778 3259 tiam
793 3201 972 3275 significarit.
992 3222 1006 3254 o

58 3276 144 3345 tium,
159 3282 201 3336 ret
217 3296 315 3336 rorum
331 3296 395 3351 quau
409 3285 476 3335 sunt
490 3276 572 3339 nibit,
584 3279 651 3348 quia
745 3276 919 3348 pbournarro
929 3291 1022 3331 ronne
1032 3290 1204 3331 oenomaum
1215 3275 1293 3333 Conr-

58 3355 202 3409 creatore
218 3352 253 3408 od
268 3354 357 3409 Deurn
373 3357 416 3408 est
430 3349 515 3407 realis
531 3347 649 3417 rotario,
710 3364 760 3402 sn.
784 3380 804 3387 -
826 3350 863 3403 Et
875 3347 1018 3402 codiertes
1033 3348 1128 3407 tor-on.
1148 3348 1291 3403 mir-odon·

56 3436 127 3493 quae
157 3438 213 3480 non
234 3428 328 3496 potest
350 3422 461 3481 fundari
488 3421 516 3478 in
541 3418 648 3490 nibito;
709 3423 755 3473 ior
770 3419 799 3473 in
813 3419 940 3474 doctrina
955 3420 1023 3487 rjus.
1040 3418 1289 3487 Undettemipios:

55 3492 111 3550 sed
130 3493 233 3551 dicitnr
255 3496 329 3552 Deus
350 3496 505 3561 Abrabam,
527 3498 555 3549 et
575 3494 649 3549 Deus
711 3511 725 3541 o
745 3492 805 3546 b'on
825 3488 939 3560 quidem
960 3489 1119 3553 sadducei,
1135 3490 1185 3547 sed
1198 3492 1290 3548 turbae

55 3566 140 3622 isaac
161 3568 274 3623 erbeus
286 3567 441 3636 dacobqui
453 3562 558 3622 mortui
570 3570 647 3633 sunt,
709 3561 859 3617 mirantur.
877 3564 934 3618 tior:
950 3561 1035 3619 etiarn
1056 3562 1181 3635 quotidie
1196 3562 1291 3632 ascitur

55 3650 129 3709 ergo
153 3636 206 3721 ipsi
223 3638 363 3708 esistunt;
384 3655 442 3695 non
459 3635 536 3694 enirn
553 3635 620 3692 dixit
639 3653 647 3692 ι
708 3631 736 3689 in
752 3633 885 3715 ticctesia.
901 3636 970 3692 Cum
989 3634 1066 3691 enim
1084 3634 1179 3691 divina
1194 3633 1290 3707 inspi-

57 3708 119 3835 Efo
129 3708 169 3766 tur
179 3711 262 3778 uena,
273 3717 322 3767 seit
333 3728 340 3766 :
352 3715 410 3780 Epo
420 3726 491 3773 sarm,
503 3720 647 3778 tamquam
707 3710 818 3761 rabone
832 3705 987 3763 adversarii
1004 3705 1135 3776 Ecclesiae
1151 3720 1289 3779 superan-

56 3778 77 3835 it
91 3795 101 3836 t
120 3791 277 3853 presentes
296 3780 437 3847 enisranr;
455 3787 485 3837 at
502 3795 558 3836 non
585 3795 646 3835 cor·
707 3782 763 3845 tur,
778 3778 868 3833 turbae
883 3776 1011 3835 fidetium
1025 3780 1159 3836 taetantur
1174 3794 1182 3834 ι
1198 3797 1213 3828 n
1228 3777 1290 3831 brec

56 3866 141 3925 pore,
155 3869 223 3927 ergo
233 3853 340 3926 anima,
352 3859 382 3912 et
398 3852 463 3912 ideo
476 3850 574 3910 anima
589 3867 647 3908 uon
707 3849 856 3919 demtpiua.

594 4044 723 4103 ORATIO

94 4201 216 4262 Domine
229 4205 297 4263 Jesu
311 4202 434 4274 Christe,
450 4203 521 4263 doce
536 4217 582 4261 me
602 4196 720 4257 astutias
743 4198 924 4255 seductorum
948 4191 1107 4272 intelligere
1122 4192 1151 4247 et
1167 4204 1286 4273 noveru

57 4292 113 4335 nec
129 4290 188 4333 oon
201 4276 350 4335 rer-itatem
364 4275 427 4334 ritae
442 4293 475 4334 ac
490 4272 626 4334 doctrinar
642 4276 669 4327 ot
682 4268 798 4343 iustitia
810 4284 924 4342 sempor
937 4263 1088 4323 custodire.
1106 4263 1145 4319 Da
1161 4262 1230 4319 mtbr
1244 4280 1286 4321 m-
