2820 4928
242 351 281 406 Illi
309 350 560 406 btlltct'mttn
588 348 751 402 letttttlbt
779 348 921 402 llllt'lllill
950 347 984 399 tt'
1011 344 1146 401 COElUll.
1289 341 1320 399 89

85 457 175 530 ratio,
195 459 262 531 quia
275 457 446 516 terminatur
466 458 503 514 ad
520 473 581 514 esse
596 472 675 513 acce-

110 538 170 587 tum
188 531 373 595 secundario;
388 547 448 587 oum
471 530 571 586 sederit
586 531 676 586 Filius

126 606 220 669 minis,
249 603 283 660 ad
309 600 493 673 judicandum
525 601 674 668 mundum,

88 673 158 800 puio
168 674 242 730 sicut
254 677 282 730 in
298 674 388 730 lorma
400 671 526 730 bominis
531 672 676 745 judicatus

101 744 154 813 uit,
173 745 212 802 ita
232 746 363 802 informa
378 748 503 802 bumana
516 743 673 816 judicabit;

88 818 122 871 in
144 818 205 872 seda
229 817 382 887 majestatis
407 832 474 888 sua,
494 816 675 872 manifestam

88 888 243 959 potentiam
268 889 455 956 ostendendo,
473 887 565 959 quiin
582 887 676 970 primo

87 959 212 1017 adventu
227 959 298 1017 sedit
313 961 340 1016 in
355 962 422 1017 sede
438 958 618 1028 humilitatis,
632 958 674 1014 la-

85 1032 174 1087 tendo
190 1037 217 1087 et
236 1034 414 1103 majestatem
430 1031 617 1099 occultando;
633 1046 675 1086 se·

85 1102 678 1176 dabitisetuossupersedesduodecimjudi·

86 1181 181 1230 euntes
196 1175 338 1231 duodecim
353 1177 442 1231 tribus
455 1177 591 1233 loracelli
605 1174 676 1230 duo·

88 1245 183 1301 decim
196 1247 338 1316 apostolis
350 1246 521 1303 universitas
536 1245 677 1317 signitica-

88 1324 140 1372 tur
150 1317 350 1387 judicantium,
358 1317 465 1374 scilicet
475 1318 677 1390 perlectorum,

93 1386 143 1514 aui
162 1392 282 1461 propter
306 1389 488 1460 Evangelium
513 1389 610 1445 omnia
628 1404 679 1445 sua

115 1458 276 1528 imiserunt,
288 1466 316 1516 et
329 1459 417 1517 secuti
431 1466 497 1516 sunt
510 1459 677 1530 Dominum3

91 1529 122 1586 in
138 1529 287 1586 duodecim
306 1531 435 1588 tribubus
447 1531 620 1588 universitas
631 1532 677 1602 jn-

90 1601 292 1673 dicaodorum,
314 1604 454 1660 bonorum
476 1603 675 1660 etmalorum.

91 1673 143 1730 Ubi
162 1674 331 1743 Greport'ua:
348 1696 362 1727 a
378 1674 452 1731 Felix
462 1686 615 1747 paupertas
630 1691 680 1731 vo·

85 1744 211 1801 ltrntaria
223 1745 445 1816 relinquentium
460 1747 608 1816 omni.1,et
625 1762 677 1803 se-

85 1817 236 1888 quentium
249 1822 288 1886 te,
304 1818 422 1875 bomine
435 1821 502 1875 lesu
514 1820 521 1874 l
534 1818 611 1875 Felix
621 1820 678 1890 pla·

86 1903 122 1943 ne
140 1904 205 1959 quae
222 1894 281 1944 tam
305 1906 433 1958 securos,
455 1890 511 1946 imo
536 1890 679 1962 gloriosos

87 1959 169 2028 lacit,
183 1960 212 2016 in
223 1959 273 2016 itlo
284 1960 421 2031 singulari
429 1961 543 2033 fragore
554 1962 678 2018 elemen-

86 2038 196 2100 torum,
208 2031 238 2087 in
252 2031 302 2088 illo
317 2033 465 2089 tremendu
476 2032 606 2089 examine
620 2048 678 2089 me·

87 2103 222 2172 ritorum,
239 2102 268 2158 in
288 2103 337 2160 illo
352 2110 431 2161 tanto
450 2104 614 2161 discrimine
630 2104 678 2176 ju·

88 2174 245 2233 diciorum!
260 2194 274 2227 o
289 2176 351 2231 haec
367 2176 524 2245 Ureporius.
540 2179 575 2234 Et
589 2177 680 2233 scien-

89 2246 158 2303 dum
172 2246 248 2319 quod
260 2246 408 2320 multiplex
422 2255 466 2304 est
470 2247 621 2319 judicium.
630 2250 679 2304 Est

90 2317 170 2400 enlm
187 2318 326 2390 judicium
344 2318 509 2393 principalis
527 2319 678 2377 auctorita-

90 2395 141 2456 tis,
164 2405 221 2456 quo
235 2389 376 2462 judicabit
396 2397 457 2447 tota
480 2391 614 2448 Trinitas.
633 2393 679 2447 Est

90 2459 247 2541 judicium
261 2462 508 2533 promulgationis
528 2480 583 2546 quo
598 2461 677 2534 judi-

93 2532 172 2587 cabit
183 2531 598 2603 Christus-bomo,sentent1am
611 2551 677 2607 pro-

92 2602 201 2683 terens.
221 2603 270 2658 Est
292 2603 429 2675 judicium
454 2606 622 2663 assessoriae
637 2605 678 2662 di-

91 2680 233 2755 gnitatis,
250 2690 305 2745 quo
328 2676 495 2748 judicabunt
525 2677 620 2736 Sancti
649 2683 678 2734 et

88 2746 209 2818 perlecti
225 2748 324 2803 inloco
338 2747 517 2806 eminentiori
533 2752 676 2814 sedentes,

87 2820 339 2875 sicut-assessores
362 2819 485 2889 iudicis,
505 2822 678 2892 iudicabunt

87 2904 159 2945 vero
173 2906 230 2945 non
241 2889 336 2946 dando
351 2892 510 2961 vocem,sed
520 2909 678 2960 assensum,

88 2977 149 3016 non
165 2960 401 3030 auctoritate,sed
417 2964 575 3020 assessoris
585 2963 679 3031 digni-

89 3036 152 3087 tate
180 3031 252 3098 Quia
274 3035 350 3089 enim
369 3050 551 3091 communem
574 3040 681 3089 statum

89 3103 232 3175 justorum
263 3106 504 3162 transcenderunt
534 3103 680 3172 vivendo,

92 3180 241 3230 servantes
259 3192 317 3232 non
336 3177 428 3233 solum
456 3183 600 3249 praecepta
619 3191 682 3246 quar

92 3251 163 3301 sunt
180 3246 368 3317 necessitatis,
390 3249 542 3305 sedetiam
563 3246 682 3304 con-ilia

89 3332 156 3388 quae
169 3321 522 3390 suntsuporecogationis;
536 3320 601 3376 ideo
616 3336 682 3392 spe·

88 3387 192 3444 cialem
205 3389 345 3447 bonorem
360 3393 507 3448 habebunt
520 3392 549 3448 in
559 3392 679 3465 judicio.

87 3460 170 3517 Unde
192 3462 268 3516 Beda
288 3481 297 3517 ε
324 3464 439 3518 «lustu
453 3480 571 3534 prorsus
591 3473 619 3520 et
638 3463 680 3519 di-

85 3547 146 3603 gna
174 3532 337 3602 retributio,
365 3540 393 3590 ut
424 3535 471 3606 qui
497 3552 547 3605 pro
575 3535 680 3592 Christi

85 3618 188 3660 amore
215 3620 331 3660 omnem
349 3605 448 3662 mundi
474 3607 596 3679 gloriam
615 3625 682 3664 con·

84 3680 278 3746 tempserunt,
286 3676 312 3732 oi
330 3676 509 3734 associentur
521 3681 548 3733 in
561 3679 680 3750 judicio.

87 3749 121 3801 ut
140 3745 218 3802 velut
232 3763 394 3805 assessores
415 3748 507 3805 ludici
526 3751 681 3807 mundante

85 3817 315 3875 conversationis
337 3820 491 3891 assistant,
521 3828 548 3876 et
577 3821 625 3893 qul
645 3824 682 3878 ab

86 3889 152 3960 ejus
167 3904 266 3946 amore
285 3890 363 3947 nulla
380 3891 407 3947 in
423 3893 477 3949 hoc
497 3894 603 3949 mundo
620 3899 683 3965 pot-

87 3965 172 4016 erant
195 3961 307 4019 ratione
328 3963 434 4027 divelli.
452 3962 518 4021 illue
533 3964 684 4022 cumeri-

87 4036 134 4088 sto
158 4033 325 4102 perveniant
354 4052 444 4107 usquc
473 4036 510 4092 ad
539 4036 683 4108 fastigium

86 4101 250 4184 judiciaria
263 4109 429 4187 potestatis:
445 4109 528 4164 >ibae
540 4111 623 4166 Beda.
637 4113 684 4165 last

91 4179 181 4256 ettam
207 4177 346 4247 judicium
371 4180 602 4251 comparationis,
627 4197 683 4251 quo

90 4261 190 4303 minus
206 4248 272 4304 mali
293 4249 463 4320 judicabunt
477 4251 568 4323 magis
582 4252 683 4321 malos,

91 4324 124 4373 ut
142 4335 150 4375 τ
168 4320 232 4377 Viri
248 4323 507 4403 Ninivitaesurpent
520 4324 682 4394 injudicio,

729 473 791 512 eum
801 458 976 524 penerota'ona
987 458 1113 523 ista,etc.
1122 456 1171 511 Est
1181 458 1277 512 autem
1290 456 1319 511 et

727 527 865 600 judicium
892 526 1118 600 approbationis,
1138 543 1196 598 quo
1217 541 1317 583 omnes

730 599 823 667 electi,
839 614 959 671 quocum
978 598 1106 671 exemplo
1121 598 1209 655 ceteri
1237 599 1318 653 dam-

731 669 1317 742 nabuntur,iudicabuntquiasententiam

730 742 836 799 ludicis
848 744 1046 815 approbabunt
1061 750 1088 798 et
1099 742 1318 798 laudabuntllst

751 831 786 870 uo
809 831 843 871 ue
852 813 990 886 judicium
1002 813 1265 883 retributionisque
1274 813 1318 882 ju-

730 831 901 943 dealbatur
911 902 1010 943 omnes
1021 890 1049 941 et
1060 884 1126 942 boni
1138 889 1166 940 et
1179 883 1255 940 mali.
1270 886 1318 939 Est

730 963 759 1015 et
771 957 908 1030 judicium
918 956 1123 1029 dispositionis,
1136 954 1317 1028 qquudicati

730 1029 937 1086 suntinlldeles
952 1048 958 1085 :
975 1030 1028 1097 Qui
1052 1029 1129 1085 onim
1144 1045 1198 1084 non
1218 1028 1317 1095 credit,

726 1103 789 1170 iam
790 1102 936 1171 judicatus
944 1106 993 1156 est.
1002 1099 1055 1168 Qui
1067 1117 1135 1172 ergo
1143 1116 1216 1155 nunc
1224 1099 1320 1155 vident

731 1172 854 1230 scabella
878 1178 1058 1245 peccatorum
1080 1173 1266 1243 superborum
1291 1174 1320 1225 el

731 1245 824 1311 sedes,
840 1250 908 1300 tunc
919 1252 1002 1300 erunt
1013 1244 1125 1315 ,iudices
1138 1248 1165 1299 et
1176 1243 1317 1299 sedentes.

732 1317 811 1385 Quod
820 1318 893 1372 bene
906 1316 1184 1441 intuonsPropheta,
1200 1312 1295 1370 aiebat
1311 1329 1318 1367 :
1344 1370 1347 1375 ,

732 1390 803 1456 Ouio
822 1391 882 1443 illic
899 1390 1027 1443 sederunt
1049 1404 1078 1442 se
1099 1403 1126 1441 os
1150 1390 1180 1441 in
1198 1385 1318 1455 judicio.

731 1463 809 1516 Tunc
824 1465 904 1516 erum
917 1462 1003 1532 primi
1015 1460 1169 1527 novissimi,
1184 1464 1210 1513 ct
1223 1459 1322 1513 notis·-

731 1535 797 1588 stmi
816 1535 921 1603 pedena,
947 1531 1013 1603 quia
1037 1530 1077 1587 illi
1106 1530 1152 1602 qui
1180 1535 1246 1587 sunt
1275 1527 1321 1584 bic

731 1607 818 1676 primi
848 1603 876 1659 in
900 1605 1039 1660 bonorem
1066 1602 1137 1659 alios
1160 1602 1322 1674 iudicantes

733 1676 848 1747 injuste,
867 1681 931 1732 tuuc
946 1680 1027 1732 erunt
1041 1677 1185 1731 nouissimi
1208 1680 1236 1730 ct
1248 1673 1319 1729 iule-

734 1747 834 1813 riorus,
851 1763 882 1803 ac
894 1748 1001 1818 judicio
1009 1747 1129 1803 aliorum
1141 1744 1277 1819 subjecti;
1292 1748 1321 1799 et

734 1836 749 1875 e
769 1819 912 1876 contrario
927 1819 1053 1891 quisunt
1067 1818 1112 1875 bic
1128 1821 1272 1875 avarissimi
1292 1819 1321 1897 el

734 1891 870 1962 despecti,
891 1897 957 1947 ttutc
974 1897 1057 1948 erunt
1072 1894 1159 1962 primi
1173 1896 1201 1946 et
1214 1888 1322 1947 ludices

735 1979 903 2019 assessores.
919 1967 955 2020 Et
968 1965 1023 2019 bace
1043 1969 1082 2018 est
1097 1964 1214 2017 mutatio
1231 1961 1324 2014 cleate-

734 2051 772 2091 rae
786 2036 906 2091 Excelst'.
920 2034 1001 2091 Unde
1024 2033 1064 2090 sic
1078 2034 1118 2090 ait
1143 2032 1320 2089 bernardus:

737 2127 751 2158 u
768 2107 903 2162 ludicent
922 2111 1042 2162 nuncet
1060 2103 1249 2179 praejudicent
1267 2118 1322 2157 su-

734 2176 840 2250 perbiae
852 2177 903 2233 filii
917 2194 980 2233 cum
992 2194 1057 2249 rege
1066 2195 1128 2246 suo,
1137 2174 1269 2256 lucilero·
1279 2188 1324 2229 sc·

734 2251 819 2305 deant
830 2266 895 2306 cum
906 2267 952 2319 eo,
967 2249 1014 2322 qui
1031 2249 1084 2308 sibi
1100 2251 1190 2306 latera
1204 2252 1321 2327 aqutto-

734 2320 778 2377 nis
793 2321 889 2393 elegit,
902 2324 1062 2378 exaltentur
1074 2324 1105 2379 et'
1114 2322 1260 2377 eleventur
1274 2334 1325 2373 sto-

734 2398 764 2449 ut
778 2393 879 2449 cedrus
894 2393 1001 2462 Libani,
1017 2393 1200 2450 transibimus
1216 2398 1244 2448 et
1256 2405 1322 2447 eece

734 2481 790 2520 non
806 2467 1076 2538 eruut.0pprimnnt
1090 2478 1324 2535 nuncquospos-

734 2542 811 2604 sunt,
825 2537 1033 2608 blasphement,
1044 2540 1255 2608 etcongregont
1265 2549 1324 2588 ma·

733 2607 837 2664 ledicta
873 2610 1082 2681 opprobriaque
1101 2607 1323 2679 approbantium

733 2681 856 2749 Christo,
885 2683 1016 2751 quoniam
1040 2695 1139 2736 merces
1161 2682 1252 2733 oestro
1276 2693 1326 2732 co-

730 2754 811 2823 pioso
824 2758 863 2806 est
875 2755 904 2807 in
919 2754 992 2807 cetis
1004 2771 1011 2806 :
1025 2772 1038 2803 u
1052 2753 1113 2808 haec
1122 2750 1288 2806 Bernartius.

770 2829 786 2877 5
802 2825 876 2890 lreu,
891 2840 1048 2878 namurcen
1064 2838 1212 2878 aceretem.
1228 2851 1263 2860 -
1281 2820 1328 2874 Se·

734 2896 862 2949 eundum
887 2909 1037 2964 preamium
1065 2899 1118 2959 ost,
1139 2893 1206 2960 quia
1226 2897 1329 2946 centu·

734 2962 817 3035 plum
832 2963 1011 3033 recipientia
1027 2964 1080 3018 hoc
1096 2968 1236 3030 tempore.
1247 2960 1327 3016 Unde

735 3033 807 3090 dicit
819 3051 825 3089 :
840 3037 875 3088 Et
889 3036 977 3088 omnis
987 3036 1037 3102 (μα’
1047 3035 1194 3103 reliquerit
1207 3032 1328 3099 domum,

736 3102 846 3160 scilicet
860 3103 1017 3177 proauiam.
1032 3107 1076 3160 nel
1090 3108 1194 3172 scotres
1214 3109 1239 3159 et
1254 3119 1330 3160 soro·

736 3192 791 3244 res,
806 3182 856 3231 out
867 3181 984 3247 pertram,
996 3184 1044 3232 out
1054 3181 1179 3245 muttum,
1195 3182 1245 3233 eut
1257 3194 1326 3233 uou-

736 3265 804 3313 rem‚
821 3255 871 3304 ortt
881 3250 965 3319 filiae,
983 3247 1068 3306 idest
1083 3251 1268 3322 propinquos,
1278 3255 1327 3307 aut

737 3336 830 3389 apros,
843 3322 869 3376 id
887 3326 930 3376 est
943 3324 1150 3391 possessiouem
1164 3328 1325 3393 terrenam3

736 3392 785 3450 ubi
801 3395 893 3463 tangit
912 3393 1103 3451 abdicationis
1120 3399 1215 3452 actum
1235 3412 1325 3467 quau-

737 3473 796 3521 tunt
823 3466 858 3521 ad
887 3465 952 3534 tria,
975 3467 1083 3524 scilicet
1101 3486 1107 3525 :
1123 3479 1259 3539 quantum
1290 3467 1326 3523 ad

736 3540 884 3611 propriam
901 3539 1140 3607 dormitationem,
1158 3558 1221 3612 qnae
1237 3540 1325 3595 intel-

738 3608 837 3677 tieitur
851 3625 902 3681 per
917 3612 1044 3679 domum;
1058 3620 1195 3682 quantum
1208 3613 1243 3668 :ul
1264 3626 1327 3666 car·

738 3681 834 3737 nalem
849 3680 1062 3766 cognationem,
1077 3700 1144 3764 'quae
1160 3682 1330 3752 inu-ttigttur

738 3769 790 3825 per
810 3766 1041 3881 consauffumeos
1060 3772 1118 3810 stre
1142 3755 1329 3832 propinquum

740 3828 882 3895 quantum
902 3840 919 3882 a
955 3829 1145 3898 temporalem
1169 3838 1329 3898 possessio-

741 3910 819 3961 nem,
837 3910 900 3967 quae
923 3897 1090 3969 intelligitur
1117 3912 1169 3978 per
1187 3898 1332 3972 agrosact

741 3972 817 4038 patet
833 3970 915 4039 ordo,
933 3969 1001 4040 quia
1016 3969 1162 4025 dilliciltus
1185 3971 1229 4019 est
1243 3962 1330 4016 relm-

740 4055 827 4111 quere
844 4044 990 4122 propriam
1003 4036 1231 4114 dominationem
1245 4046 1330 4101 cruam

741 4118 952 4181 cognationem,
967 4119 995 4168 et
1023 4112 1232 4179 cogitationem
1244 4117 1330 4170 quarm

740 4188 949 4255 possessionem
964 4187 1134 4236 exteriorem
1147 4191 1154 4237 ;
1168 4174 1257 4238 addit,
1268 4187 1330 4242 pro-

737 4260 801 4326 pter
814 4271 911 4311 nomen
933 4268 1033 4320 oimm,
1055 4248 1084 4301 id
1097 4247 1330 4314 estpropterme,

741 4334 770 4382 et
780 4342 910 4385 umorem
921 4336 1028 4391 meum,
1040 4333 1090 4375 scu
1101 4318 1217 4386 propter
1226 4329 1332 4371 nomen
