2820 4928
86 300 134 353 20‘2

88 406 158 463 bore
169 404 222 461 hae
236 402 395 477 septimana
407 402 552 459 hominem
562 403 672 460 refecit.

88 478 168 533 Unde
189 477 263 531 Beda
284 493 291 531 :
313 496 328 526 «
344 477 411 541 Once
431 474 525 531 verbis
546 475 674 546 praecipit

87 550 235 613 lloiniiius,
263 546 323 601 suis
349 546 501 601 coufirmat
526 547 671 618 eii-inpiis.

88 621 171 683 Nom,
183 617 229 687 oni
241 634 293 673 iios
306 622 372 672 ante
387 616 564 689 repentinum
573 618 673 689 J'uiticii

87 689 256 747 universalis⁴
271 688 436 757 adveutum,
451 695 518 745 antii
532 688 672 745 incertum

87 760 263 817 sineulnrnm
282 765 445 816 nostrornm
465 759 582 829 eiiitnm,
602 760 672 816 deli·

86 831 137 887 ciis
152 831 246 899 simui,
263 835 290 884 ct
306 830 381 887 curis
401 833 483 902 huJus
497 831 561 888 vitae
577 833 672 902 negle-

86 904 148 970 ctis,
165 902 200 957 ad
212 901 385 973 vigilandum
399 905 530 959 hortatur
545 910 572 958 et
586 920 671 959 oran-

87 974 154 1030 dum
167 991 174 1041 ;
189 979 216 1027 ct
237 990 306 1045 ipse,
320 973 502 1044 impendente
525 990 582 1030 suae
600 981 670 1030 teni·

88 1061 157 1116 pore
183 1045 336 1112 Passionis,
364 1046 495 1101 doctrina
509 1045 670 1116 vigiliisque

87 1122 116 1173 et
129 1116 261 1188 precihus
276 1117 401 1186 instruit,
417 1117 525 1187 paritor
538 1125 566 1173 et
579 1133 670 1173 esem-

87 1191 145 1260 plo,
170 1187 319 1245 insinuans
338 1190 390 1245 lioi:
415 1205 477 1244 esse
503 1188 588 1259 digne
612 1191 669 1244 lteo

87 1260 217 1329 vigilare,
231 1260 308 1315 dicto
322 1260 365 1316 nel
377 1262 449 1315 t'iicto
464 1260 598 1332 proximis
611 1262 672 1331 qui·

88 1332 196 1402 hiisque
215 1330 289 1387 viam
313 1331 439 1387 veritatis
459 1333 624 1401 ostendere;
643 1337 670 1387 et

87 1418 147 1469 eos,
169 1418 219 1471 pro
244 1402 346 1473 unibus
369 1420 506 1474 passurus
531 1409 602 1467 enat,
627 1403 669 1457 rel

86 1476 174 1529 serbo
189 1474 223 1529 ad
249 1474 333 1529 tidem
347 1490 515 1545 provocans,
529 1475 572 1529 vrl
594 1473 669 1529 Patri

87 1544 216 1600 oratione
241 1546 453 1600 commendans.
469 1547 501 1599 lit
524 1561 575 1600 uos
599 1562 669 1615 quo·

89 1630 144 1685 que
169 1630 233 1670 cum
257 1615 330 1669 inter
361 1631 496 1687 prospera
521 1614 626 1683 sibrie,
643 1622 671 1671 et

85 1686 173 1758 juste,
189 1690 218 1741 et
233 1684 278 1757 pic
295 1702 514 1753 conversumtir3
531 1686 605 1742 iuter
619 1687 669 1742 ad·

89 1772 172 1812 versa
187 1772 253 1812 vero
269 1773 425 1829 numquam
446 1759 482 1813 de
500 1757 604 1814 divium
619 1757 670 1814 ini·

424 296 580 351 SECUNDAE
607 298 725 354 lintis
752 297 856 351 Gil'll'l'
884 296 967 349 XXX

732 400 896 459 sericordiae
923 398 1102 457 celsitudine
1132 398 1314 470 desperamus,

732 474 832 531 diebus
847 472 975 545 proiecto
990 470 1109 527 cunctis
1127 472 1156 526 in
1167 470 1315 541 templodo·

731 562 838 613 cemus,
854 550 882 599 ct
905 542 1042 599 fidelibus
1062 542 1167 614 operis
1191 542 1257 597 boin
1271 542 1316 597 lor·

730 633 806 673 main
835 616 1015 688 prabemns;
1046 613 1186 670 noctibus
1208 611 1317 669 seroie

730 695 826 744 monte
851 686 951 744 Olivcti
967 700 1137 749 moramur,
1153 683 1223 755 quia
1246 684 1272 739 iii
1283 688 1317 739 le·

728 758 825 816 nebris
838 757 1037 830 angustiarum
1049 757 1154 825 gaudii
1170 754 1318 827 spiritualis

729 830 924 887 commotione
942 828 1138 900 respiramus,
1151 829 1237 897 justa
1252 842 1318 895 euin,

729 902 776 973 qni
793 902 864 958 dixit
880 919 887 957 ε
902 904 959 969 Epo
974 906 1070 955 autem
1083 902 1161 954 sicut
1175 901 1252 953 otii-e
1264 902 1319 965 sru-

728 976 830 1040 ctisero
859 976 890 1027 in
917 974 995 1027 domo
1026 973 1155 1035 Domini,
1170 971 1282 1040 sperant
1296 971 1320 1025 iii

727 1045 921 1100 misericordie
941 1046 991 1099 liei
1015 1041 1085 1108 mei,
1101 1040 1131 1097 id
1156 1047 1204 1096 est
1218 1040 1320 1097 siculis

727 1118 775 1188 qui
792 1114 997 1172 misericordiis
1014 1114 1142 1169 lructum
1157 1113 1265 1184 quibus
1277 1128 1320 1167 io·

727 1188 778 1245 luit
796 1186 943 1259 impendit,
961 1184 986 1241 ei
1006 1201 1024 1240 a
1040 1184 1167 1240 llomino
1183 1184 1317 1239 miseren·

726 1260 794 1315 dum
822 1274 885 1315 esse
915 1274 972 1313 non
999 1254 1128 1326 ambigo.
1149 1258 1185 1310 Et
1211 1256 1248 1311 ad
1277 1270 1320 1310 noi

726 1346 857 1411 otioque,
880 1327 1038 1385 audiendos
1064 1326 1166 1383 omnis
1209 1326 1320 1398 populus

725 1407 928 1469 maiiieat,cum
938 1400 979 1455 vel
992 1397 1133 1454 discussis
1145 1398 1321 1468 operibuste

726 1475 889 1539 nolirarum,
909 1471 953 1527 vel
971 1469 1072 1527 evictis
1089 1472 1141 1527 [tei
1160 1470 1257 1541 gratia
1272 1485 1317 1524 ne·

726 1545 800 1601 bulis
817 1558 1025 1616 pressurarum,
1041 1544 1118 1597 sicut
1133 1544 1167 1596 in
1184 1543 1232 1596 dte
1247 1543 1321 1596 lone·

725 1623 767 1671 ate
787 1618 968 1675 ambulantes.
989 1630 1044 1668 nen
1064 1615 1096 1668 in
1119 1615 1321 1668 commessatio·

725 1689 807 1743 nibeis
818 1694 844 1743 et
853 1686 1042 1751 ebrietatibus,
1055 1691 1116 1747 etc:
1127 1701 1186 1741 uos
1197 1684 1250 1741 lilii
1261 1682 1322 1742 lucis

726 1757 876 1815 imitantur
892 1774 926 1813 :ii
943 1759 1005 1813 liaec
1017 1757 1108 1813 Beda.

645 1952 774 2013 ORATIO

126 2116 201 2172 Deus
227 2111 419 2185 omnipotens,
445 2117 549 2184 praesta
576 2112 646 2168 milii
676 2114 795 2185 pauperi
817 2113 868 2170 tibi
897 2108 1044 2180 derelicto,
1064 2114 1097 2166 ut
1120 2109 1182 2166 duo
1207 2109 1323 2173 minuta,

91 2185 199 2243 scilicet
215 2200 318 2253 corpus
337 2190 366 2240 et
382 2182 518 2252 animani,
534 2200 598 2254 qum
613 2186 648 2240 de
663 2190 691 2241 te
710 2186 813 2254 liabeo,
831 2184 882 2241 tibi
901 2199 964 2239 cuin
978 2182 1131 2238 devotione
1148 2181 1281 2249 ollersm,
1296 2184 1323 2236 ut

91 2267 213 2326 utroque
229 2255 279 2309 tilii
302 2254 409 2309 servire
431 2259 459 2309 et
482 2257 594 2326 placere
614 2258 733 2313 valeam.
749 2259 881 2313 Miserere
896 2271 928 2311 su

952 2253 1014 2325 plici
1030 2260 1091 2321 luo,
1108 2252 1179 2324 quia
1195 2270 1252 2308 non
1266 2266 1323 2307 sum

92 2329 165 2384 sicut
189 2324 332 2380 innumeri
346 2324 420 2379 serii
436 2325 486 2392 tui,
499 2326 616 2397 justitiis·
631 2328 732 2384 merito
748 2329 880 2399 gloriosi3
900 2271 974 2382 reiut
992 2324 1079 2381 etiam
1094 2324 1183 2380 inniti
1198 2332 1264 2397 post
1277 2326 1323 2380 lla·

91 2397 162 2471 gilla
176 2394 341 2467 poenitriido
357 2392 407 2450 titii
425 2396 490 2451 iacti
506 2397 610 2454 dovoti.
628 2400 649 2455 0
664 2403 745 2463 Deus,
759 2403 900 2471 propitius
916 2404 972 2452 esto
987 2398 1058 2451 milti
1071 2400 1226 2467 peccatori,
1243 2404 1271 2451 et
1285 2412 1323 2450 re·

91 2468 168 2540 spice
177 2484 222 2522 ine
231 2466 320 2522 oculis
330 2466 532 2524 miserirordiae
541 2469 645 2540 quibus
653 2470 834 2541 publii-auum
845 2467 1041 2542 respexisti,ut
1051 2483 1211 2537 pervcram
1223 2468 1323 2536 coritis,

90 2539 158 2610 oris,
175 2544 204 2595 et
216 2538 312 2610 operis
328 2538 519 2596 humilitatem
532 2556 628 2597 coram
643 2548 671 2598 te
681 2558 795 2600 merear
806 2538 970 2615 justificari,
986 2548 1092 2596 etcum
1105 2539 1269 2595 humilibus
1282 2553 1323 2594 eii·

92 2610 186 2670 alteri.
206 2613 307 2667 Anien.

574 2942 712 3017 CAPUT

726 2945 839 3015 XXXI

141 3128 180 3171 ut:
203 3126 424 3175 unuuntculttn'u
445 3130 609 3188 HOELNEAE,
642 3130 679 3174 ΕΤ
705 3128 802 3174 Gnnno
837 3127 1001 3188 inuuuttnt,
1027 3127 1067 3173 ΕΤ
1098 3126 1138 3171 DE
1160 3125 1293 3172 Patriciae

679 3210 787 3255 HUNDl.

413 3369 540 3427 Matthaei
554 3384 616 3443 cap.
633 3370 692 3427 lilll
703 3372 732 3427 et
744 3368 862 3427 ioannis
876 3384 940 3442 cap.
949 3369 1009 3428 llll.

747 3531 851 3588 Esuriit
869 3537 976 3599 autern,
992 3546 1049 3587 non
1067 3528 1149 3601 quasi
1169 3531 1269 3599 homo,
1285 3530 1324 3609 ing

747 3604 847 3683 dicens
864 3604 957 3685 cilium
972 3602 1162 3730 corporalem,
1183 3603 1235 3659 sed
1250 3614 1324 3674 quast

748 3677 821 3731 ltrns
845 3675 1006 3731 misericors
1043 3689 1179 3730 umauam
1198 3674 1322 3731 salutem.

134 3528 291 3594 iQuosnnii
314 3545 465 3583 sicunnanr
479 3546 609 3585 Flcuunttn
625 3548 682 3587 iis-
710 3540 714 3625 Ι

97 3616 208 3656 LEtJtcht
221 3599 235 3653 'l
250 3630 280 3639 —
296 3601 378 3655 licite
395 3606 500 3667 cutem,
516 3608 541 3655 et
554 3600 680 3670 diliculo,
710 3632 713 3643 ·

95 3674 155 3728 etia
175 3671 230 3740 die,
250 3670 356 3727 scilicet
376 3670 446 3727 teria
464 3674 599 3737 secunde,
621 3691 681 3729 cum

94 3742 197 3801 iteruin
234 3745 320 3798 eairet
341 3745 423 3799 lesus
443 3759 460 3799 a
483 3745 630 3813 Bethania,
654 3750 682 3801 ct
710 3786 713 3793 .
748 3748 825 3802 l'nde
840 3746 892 3803 ista
908 3746 1014 3802 esuries
1031 3745 1170 3801 naturalis
1184 3762 1243 3801 non
1266 3743 1321 3801 luit.

97 3823 160 3872 erat
179 3820 315 3870 revertens
338 3817 368 3869 in
394 3816 548 3884 Civitatem,
576 3817 682 3873 scilicet
747 3818 813 3887 quia
839 3819 867 3873 in
882 3834 946 3874 sero
961 3816 1132 3890 precedenti
1155 3817 1321 3883 comederat,

95 3887 681 3960 Jerusalem,esuriit,secniidumsnspici-
747 3906 799 3945 nec
828 3890 921 3945 adhuc
951 3891 1022 3945 liora
1045 3888 1213 3945 comedendi
1241 3892 1321 3952 eron

97 3975 181 4015 ononi
197 3958 409 4039 discipulorum,
421 3974 454 4013 co
467 3962 540 4029 qnod
554 3961 588 4015 ad
601 3962 683 4016 arlio·
710 3956 713 3967 '
747 3961 796 4016 sed
813 3960 885 4016 sicut
900 3959 1061 4017 maledictio
1083 3959 1207 4025 arboris,
1223 3959 1259 4015 de
1273 3970 1322 4029 qut

96 4029 681 4087 remaccessit.liliinotiimoicmstudiosi
747 4031 889 4100 subditur,
922 4032 1063 4104 figurabat
1099 4031 1322 4087 maledictionem

95 4103 265 4172 operatoris,
281 4103 349 4157 dum
365 4101 468 4157 dicitur
484 4118 569 4157 mane
585 4119 681 4158 never-
747 4102 923 4166 infructuosi,
940 4108 979 4160 sic
994 4103 1049 4160 ista
1064 4104 1173 4159 esuries
1187 4102 1321 4173 signitica-

94 4171 160 4227 tisse
176 4172 204 4228 iu
223 4173 366 4231 civitatem
390 4179 420 4230 ut
447 4173 626 4245 praedii-aret,
655 4177 684 4230 et
746 4176 794 4231 liat
809 4175 983 4231 desiderium
1001 4175 1104 4232 Cliristi
1119 4174 1156 4231 de
1172 4175 1262 4231 salute
1275 4187 1320 4252 ρος

96 4248 128 4299 ut
147 4244 256 4316 aliquos
274 4247 333 4302 Deo
349 4244 426 4303 Patri
442 4261 493 4304 suo
509 4244 679 4317 acquireret.
710 4280 714 4292 ·
746 4248 816 4319 puli.
828 4249 862 4303 Et
875 4246 940 4304 ideo
955 4247 1048 4305 adhuc
1066 4262 1152 4307 mane
1165 4244 1264 4319 esurit,
1276 4256 1320 4317 qu
