2820 4928
204 283 245 339 bt
272 282 473 342 elelrltlvt
501 287 734 347 torriditate
761 289 979 357 raoulrottls,
1007 288 1073 347 brt.
1201 288 1252 349 848

10 386 608 473 ροωοᾳμίρξοετοςεοάοὶωρὶονοηοιιροῐ·
663 395 739 469 pulis
755 394 837 467 meis,
852 411 928 454 nunc
941 398 1034 454 Filius
1052 396 1171 454 tommo
1184 398 1244 454 ele-

10 464 95 543 erat,
112 475 169 543 ursi
188 477 198 518 1
218 476 249 518 se
266 463 403 520 Dominus
417 462 605 536 permitteret.
662 470 787 538 attentes
800 474 841 526 est
854 468 884 525 in
894 467 949 538 eis3
964 483 1043 525 nunc
1058 467 1129 525 nibil
1143 466 1241 541 ealigi-

10 530 96 615 Dpcit
109 477 256 615 etiamfioc
265 533 411 605 Dominus,
422 534 605 609 erimcnpro·
662 541 744 596 niset
755 543 940 598 tenebrarum
952 538 1039 597 sentit
1051 538 1081 596 in
1094 538 1173 613 ipsis.
1183 542 1241 598 Un-

10 600 139 662 drtuoms
166 605 376 677 exprobrando,
398 610 429 663 ut
443 608 606 666 ostenderet
663 612 867 670 delitescimus:
879 633 894 664 e
906 613 1242 684 llocquoqueeratman·

10 674 110 805 ffirod,
123 676 191 733 dum
213 675 274 759 ipse
293 678 433 736 beneficia
453 679 605 750 conferret,
661 682 821 741 suetudinis
838 689 904 753 tuae,
920 681 1038 740 Domine
1062 685 1139 752 Jesu,
1165 682 1242 756 quod

50 764 70 804 e
84 752 208 806 mortem
223 753 388 807 retentaret.
406 749 478 807 Dicit
490 749 608 824 insuper
682 755 802 812 erlidem
826 753 905 812 illum
925 756 954 811 in
968 760 1042 812 coetu
1056 754 1176 813 fratrum
1190 771 1242 828 pa-

10 816 88 890 noc,
100 819 138 877 ad
147 836 220 893 opus
232 826 337 878 nostra
344 821 547 905 redemptionis
555 840 606 881 an·
662 770 719 883 [em
732 826 911 898 detegere,et
924 826 1098 884 contundere
1110 825 1243 896 noluisti;

10 886 164 959 helenae
179 908 238 949 non
254 893 354 949 tamin
368 893 525 966 perniciem
540 911 605 970 per·
662 898 711 956 sed
736 898 836 956 leviter
865 895 1055 968 admonitum,
1082 899 1245 956 accelerare

11 960 73 1045 lidi
86 962 245 1032 saeviendo,
257 966 391 1035 quemad
404 964 523 1024 salutem
537 967 605 1024 lide·
660 969 769 1042 jussisti
781 968 856 1042 quod
872 972 1000 1040 parabat.
1013 971 1044 1026 ln
1057 971 1189 1026 omnibus
1200 968 1244 1026 his

13 1032 94 1093 lium
109 1034 282 1117 festinando.
299 1038 366 1096 Gum
385 1053 448 1106 apo
458 1042 608 1110 accepisset
665 1057 723 1098 non
739 1047 782 1098 est
798 1057 914 1099 aversus
933 1040 1011 1097 lurrir
1025 1041 1088 1112 ejus
1104 1039 1245 1114 malignus

14 1104 300 1190 illecebrantem
313 1109 460 1165 buccellam
470 1110 506 1166 de
520 1125 605 1167 mane
663 1117 729 1181 ate,
739 1113 790 1169 sed
803 1128 935 1183 egressus
948 1112 1025 1169 loras
1036 1111 1246 1183 satagebateir-

15 1174 148 1248 Domini,
166 1181 254 1236 eaioit
281 1183 418 1248 continuo,
441 1180 549 1237 scilieet
570 1182 606 1239 ad
663 1185 844 1257 ealrequens
865 1182 1047 1240 maleficium.
1066 1186 1143 1242 'lune
1161 1182 1245 1241 clari·

18 1251 212 1321 quaerendum
226 1252 372 1310 cohortem
386 1268 450 1321 qua
465 1252 607 1311 Christum
663 1255 749 1312 licata
767 1261 808 1313 est
819 1254 928 1313 familia
942 1260 1001 1323 tua,
1010 1254 1132 1323 Cbriste,
1144 1253 1175 1311 iu
1188 1270 1246 1312 mo·

19 1327 148 1395 caperet.
171 1324 202 1379 ln
231 1339 287 1395 quo
312 1322 508 1394 significatur,
532 1326 607 1397 qued
663 1326 731 1384 dum
746 1326 892 1385 societatis
906 1325 1064 1400 angelicae:
1081 1347 1096 1378 »
1112 1327 1175 1383 haec
1188 1327 1245 1383 An·

19 1394 157 1450 sacerdos
174 1410 291 1452 sumens
312 1396 420 1467 Corpus
438 1396 541 1453 Christi
556 1396 607 1453 in-
662 1401 774 1456 seimus.
794 1402 914 1456 Possunt
928 1399 1014 1455 etiam
1028 1399 1074 1454 bie
1094 1414 1140 1455 res
1152 1396 1246 1469 signi·

20 1462 120 1551 digne,
137 1466 229 1538 magis
244 1467 395 1538 elongatur
417 1484 434 1524 a
453 1470 521 1535 lieo,
540 1468 607 1540 quia
663 1468 1247 1544 beantestamouamillaeeuaesiguitican·

20 1550 100 1595 enim
117 1538 192 1595 bouo
209 1539 283 1595 male
299 1555 366 1596 usus
381 1544 435 1608 est,
452 1541 512 1596 baec
527 1556 607 1613 prae-
663 1548 710 1599 tur
727 1542 830 1615 accipi.
850 1545 940 1611 Nunc,
955 1540 1059 1624 iuquit,
1079 1543 1248 1612 clamitantes

19 1614 149 1682 sumptio
168 1614 315 1681 peccatum
327 1610 415 1677 aurit,
432 1617 462 1668 ut
476 1612 606 1682 ingratus
663 1620 702 1671 cst
730 1616 819 1671 Filius
843 1611 1247 1684 bominis,1nse,incausa,
1335 1654 1341 1661 -

19 1679 172 1739 beneticiis
186 1680 309 1749 Domini,
325 1681 451 1754 apertius
465 1684 501 1740 ab
512 1699 546 1741 eo
559 1700 607 1741 re·
664 1701 722 1742 non
736 1685 766 1742 in
785 1686 906 1753 ellectu;
922 1683 989 1756 quia
1013 1684 1099 1741 modo
1115 1684 1249 1741 inchoata

17 1752 151 1811 cederet.
171 1756 242 1809 Erat
260 1759 350 1810 autom
367 1770 444 1822 noa;
463 1754 538 1826 quod
558 1772 606 1812 ex·
663 1765 708 1815 est
724 1756 839 1814 traditio
864 1754 1019 1822 Passionis,
1040 1756 1122 1827 eujus
1144 1754 1247 1812 merito
1306 1758 1319 1783 ¹⁹

13 1823 327 1907 pressit'iirangelista,
338 1830 374 1908 ut·
386 1827 549 1882 ostenderet
560 1844 608 1898 op·
663 1845 697 1886 ex
711 1844 836 1911 congruo
852 1827 937 1884 datur
956 1825 982 1884 ei
999 1826 1113 1883 claritas
1128 1828 1248 1908 'liceur-

13 1901 229 1970 portumtatem
254 1902 390 1970 temporis
408 1898 444 1954 ad
467 1913 606 1969 peragen·
663 1899 797 1958 rectionis
811 1903 841 1956 et
855 1897 1054 1964 ascensionis;
1071 1897 1204 1955 simrhter
1219 1899 1249 1953 in

14 1967 91 2026 dum
105 1967 308 2050 proditionem,
325 1985 378 2025 nec
394 1985 450 2025 non
470 1975 501 2025 ut
517 1968 606 2026 deno·

16 2044 100 2097 taret
112 2055 142 2095 m
153 2039 228 2096 Juda
242 2042 345 2096 mentis
359 2039 606 2097 tenebrositatem.

17 2110 106 2169 Unde
116 2111 248 2182 congruit
260 2115 313 2168 boc
327 2113 400 2169 bene
411 2117 605 2169 sacramento:

17 2186 88 2241 erat
107 2183 183 2240 enim
198 2185 246 2254 qui
267 2182 334 2239 exiit
350 2182 424 2240 tilius
446 2183 547 2252 noetis,
565 2185 606 2240 la-

18 2253 103 2313 ciens
116 2270 204 2326 opera
226 2255 425 2324 tenebrarum3
445 2255 559 2327 ibatque
576 2254 607 2312 in

19 2331 138 2384 noctem
150 2341 199 2382 seu
211 2327 346 2383 tenebras
358 2332 386 2382 et
397 2332 527 2383 mortem.
536 2327 607 2396 Quia

19 2413 93 2469 ergo
105 2398 193 2454 ludas
208 2414 241 2454 ex
251 2398 391 2454 bonorum
404 2397 539 2455 societate
550 2415 608 2455 non

20 2468 156 2598 proiecit,
172 2470 209 2527 ob
223 2470 277 2525 boc
294 2468 393 2540 majori
409 2485 495 2541 poena
505 2469 608 2541 diguus

33 2543 87 2599 uit.
103 2541 183 2598 Unde
199 2542 404 2611 chrysostomus
417 2560 426 2596 ε
442 2560 456 2593 «
468 2540 547 2597 Sicut
560 2543 607 2598 bo·

22 2612 54 2670 ui
72 2618 102 2669 et
120 2611 239 2686 perlecti
256 2611 361 2683 duplici
376 2616 441 2669 suut
455 2611 534 2684 digni
551 2614 608 2670 ho-

22 2700 105 2753 nore,
120 2682 255 2754 quoniam
276 2690 304 2740 et
319 2683 436 2752 benigni
450 2688 517 2741 suut
529 2684 608 2759 laeti,

23 2760 52 2813 et
64 2754 138 2812 nibil
151 2754 262 2812 amalis
274 2756 435 2813 nocumenti
447 2761 608 2824 senserunt3

24 2827 111 2886 sicet
130 2827 196 2884 mali
213 2826 319 2899 duplici
335 2832 403 2883 sunt
420 2826 498 2900 digni
513 2844 609 2900 poeue,

25 2905 54 2959 et
68 2899 135 2971 quia
151 2898 218 2956 mali
237 2898 304 2956 laeti
320 2902 395 2966 sunt,
410 2914 473 2955 eum
493 2904 610 2972 possent

25 2971 102 3029 ellici
116 2972 197 3041 boni,
211 2970 288 3043 quod
309 2970 465 3027 ostendunt
479 2973 528 3043 qui
543 2970 610 3029 lacti

23 3048 95 3101 sunt
109 3042 191 3113 boui,
205 3048 234 3099 et
250 3040 318 3114 quia
344 3041 414 3098 nibil
427 3058 444 3098 a
458 3041 541 3100 bonis
560 3043 610 3101 lu-

23 3115 96 3172 crati
112 3118 179 3171 sunt
194 3129 201 3170 :
218 3135 229 3164 ι
246 3114 307 3170 baec
322 3115 538 3182 chrysostomus.

65 3208 97 3243 ro
112 3187 181 3255 Quro
207 3202 303 3242 siesse
322 3201 469 3242 suessano
483 3188 560 3243 Juen
576 3203 610 3243 aa

23 3275 98 3316 uuus
113 3257 284 3314 niscrreurs‘l
298 3289 330 3298 -
345 3260 410 3315 Cum
420 3273 483 3326 erpo
496 3260 611 3314 eeiisset

23 3330 127 3398 ludas,
139 3329 176 3385 ad
189 3328 398 3401 procurandum
414 3327 518 3386 Christi
535 3344 611 3385 mor·

26 3408 97 3469 tem,
108 3400 324 3458 remanentibus
334 3398 397 3456 aliis
408 3398 554 3471 discipulis
564 3400 611 3456 di·

24 3474 160 3531 aitlesus
171 3491 180 3527 ε
191 3475 270 3530 Nunc
280 3473 451 3540 clarificatus
465 3478 504 3528 est
522 3474 612 3529 Filius

26 3546 159 3609 bominis,
175 3543 204 3601 id
219 3549 271 3614 cst,
286 3548 377 3613 ejecto
387 3545 551 3613 tenebroso,
566 3561 611 3602 re·

27 3619 196 3674 manserunt
209 3614 261 3672 soli
275 3614 382 3683 mundi,
394 3630 459 3671 cum
470 3631 522 3672 suo
533 3632 611 3674 mun·

28 3688 141 3746 datore.
155 3688 246 3755 Nune,
258 3686 360 3758 inquit,
370 3686 437 3758 quia
451 3687 542 3758 caligo
560 3703 612 3744 no·

28 3758 82 3817 etis
98 3763 128 3819 et
142 3759 329 3818 tenebrarum
354 3756 470 3816 recessit
487 3757 613 3816 adieci-

663 1986 783 2043 corpore
800 1972 918 2041 mystico
933 1969 1167 2033 estelaritieatus,
1178 1967 1247 2040 quia

662 2042 744 2099 ludas
759 2041 849 2098 exitus
866 2040 1007 2098 malorum
1023 2054 1041 2096 a
1055 2039 1139 2097 bonis
1152 2038 1248 2111 signat

663 2112 902 2186 segregationem.
921 2115 958 2168 Et
979 2115 1052 2167 Deus
1078 2112 1248 2192 clarificatus

663 2191 703 2242 est
719 2187 749 2240 in
768 2201 808 2247 eo.
829 2183 896 2255 quia
913 2182 1021 2240 scilicet
1040 2198 1099 2239 non
1119 2180 1248 2254 quaesivrt

664 2255 718 2314 nisi
743 2254 864 2329 gloriam
885 2253 987 2311 Patris.
1002 2256 1061 2311 lloc
1084 2269 1153 2326 ergo
1173 2253 1247 2308 lacto

664 2327 853 2401 separationis
864 2330 879 2385 J
883 2326 945 2384 udae
960 2343 977 2382 a
990 2325 1127 2383 societate
1142 2322 1248 2382 Christi

665 2405 693 2457 et
711 2400 922 2471 Apostolorum,
938 2395 1248 2470 praefigurantium

665 2472 821 2543 proborum
835 2468 978 2539 separatio
995 2474 1124 2541 tempore
1134 2466 1249 2542 judicii,

665 2558 683 2600 a
694 2539 950 2598 consortioCbristi
958 2545 987 2597 et
995 2541 1154 2597 electorum
1164 2557 1172 2608 ;
1183 2538 1251 2608 quia

664 2619 735 2670 tunc
749 2611 899 2686 apparebit
930 2610 1002 2667 toria
1016 2624 1122 2682 magna
1135 2609 1251 2678 Christi,

665 2685 852 2757 membraque
880 2683 1068 2741 abaerebunt
1095 2679 1194 2753 capiti,
1220 2685 1251 2761 et

666 2756 755 2830 paleas
777 2756 984 2812 amovebuntur
999 2752 1216 2809 concremandae
1230 2768 1253 2808 r·

666 2827 713 2901 gni
738 2824 973 2898 inexstinguibili.
992 2824 1073 2882 Unde
1089 2826 1129 2882 ait
1150 2823 1251 2893 Aaou·

665 2904 756 2957 stibus
769 2898 810 2954 εἰ
830 2901 955 2955 &eunte
974 2895 1135 2966 immundo,
1150 2909 1252 2953 omnes

667 2972 776 3039 mundi,
790 2986 853 3027 cum
867 2984 919 3025 suo
938 2967 1118 3037 mundatore,
1132 2981 1251 3024 mause-

666 3051 743 3101 runt.
757 3040 824 3099 Tale
839 3039 948 3123 aliquid
962 3039 1017 3096 erit
1029 3055 1094 3095 cum
1109 3036 1224 3095 zizaniis
1237 3052 1256 3094 a

667 3113 761 3171 tritico
775 3118 923 3186 separttls,
934 3112 1008 3181 justi
1020 3111 1168 3180 pileatum
1180 3110 1253 3166 sicut

666 3188 709 3244 sot
715 3189 835 3254 inrcpno
846 3185 938 3240 Patris
948 3198 1049 3239 eorum.
1060 3183 1119 3238 lloc
1128 3181 1254 3237 luterum

667 3255 827 3331 previdens
846 3253 994 3323 Dominus,
1016 3252 1179 3310 discedente
1198 3252 1254 3309 Ju-

668 3329 868 3399 da,tamquam
878 3324 994 3383 zizaniis
1003 3322 1255 3396 separatisrema-

668 3400 801 3457 uentibus
823 3404 970 3470 tamquam
997 3395 1091 3454 tritico
1113 3393 1256 3470 Apostolis
1355 3396 1370 3419 '·

669 3470 776 3529 sanctis
789 3487 797 3527 ι
811 3473 901 3538 Nunc,
914 3467 1018 3540 inquit,
1032 3470 1203 3539 clarificatae
1217 3470 1257 3523 est

668 3546 757 3602 Filius
768 3544 896 3599 bominis.
905 3544 1063 3613 Tamquam
1075 3539 1196 3598 diceret:
1209 3539 1258 3620 Fe·

670 3632 702 3673 ce
714 3614 743 3671 iu
755 3614 805 3671 illa
819 3629 882 3671 mea
893 3611 1097 3670 elarilieatione
1130 3611 1256 3678 uiderit,

671 3687 867 3745 ubimalorum
876 3685 971 3741 nullus
979 3683 1045 3751 erit,
1056 3683 1103 3739 ubi
1110 3628 1257 3765 ‘soenorum

672 3758 768 3816 nullus
784 3754 912 3830 peribit:
931 3774 942 3805 ι
959 3755 1021 3811 baec
1034 3754 1221 3822 Augustanus.

575 3918 705 3978 ORATIO

66 4062 186 4121 Domine
209 4069 275 4123 lese
298 4063 419 4134 Christe,
434 4069 531 4138 pastor
555 4063 641 4132 bone,
655 4063 704 4136 qui
718 4061 885 4136 discipulum
900 4067 980 4119 tuum
1000 4058 1092 4119 esuis
1110 4056 1258 4115 erroribus

30 4135 66 4192 ad
78 4134 278 4208 poeuitentiam
293 4137 388 4193 multis
403 4137 495 4194 modis
516 4150 651 4192 revocare
666 4134 790 4200 voluisti,
805 4149 908 4191 revoca
923 4147 968 4189 me
983 4133 1019 4189 ab
1034 4129 1117 4188 inviis
1132 4133 1162 4186 et
1178 4144 1258 4210 erro·

32 4205 112 4264 ribus
125 4206 198 4265 meis
212 4207 362 4266 universis.
375 4212 416 4266 Da
431 4207 510 4277 mibi,
524 4206 654 4265 Salvator
668 4222 759 4277 meus,
773 4210 942 4278 potestatem
952 4209 981 4260 et
991 4202 1186 4259 tortitudinem
1200 4215 1261 4257 uu·

32 4277 117 4337 cendi
130 4276 277 4339 diabolum
290 4280 423 4339 continue
438 4279 613 4354 vigilantem,
631 4280 660 4338 et
673 4284 774 4338 eontra
785 4293 831 4336 me
847 4274 1086 4346 dimicantem,ne
1101 4289 1147 4331 me
1160 4269 1262 4331 iraude
1371 4290 1374 4297 ·
