<?xml version="1.0" encoding="UTF-8"?>
<!DOCTYPE html PUBLIC "-//W3C//DTD XHTML 1.0 Transitional//EN"
    "http://www.w3.org/TR/xhtml1/DTD/xhtml1-transitional.dtd">
<html xmlns="http://www.w3.org/1999/xhtml" xml:lang="en" lang="en">
 <head>
  <title>
</title>
<meta http-equiv="Content-Type" content="text/html;charset=utf-8" />
  <meta name='ocr-system' content='tesseract 3.04.00' />
  <meta name='ocr-capabilities' content='ocr_page ocr_carea ocr_par ocr_line ocrx_word'/>
</head>
<body>
  <div class='ocr_page' id='page_1' title='image "./vitajesuchristi01ludogoog_0356.png"; bbox 0 0 2820 4928; ppageno 0'>
   <div class='ocr_carea' id='block_1_1' title="bbox 299 300 1326 364">
    <p class='ocr_par' dir='ltr' id='par_1_1' title="bbox 299 300 1326 364">
     <span class='ocr_line' id='line_1_1' title="bbox 299 300 1326 364; baseline -0.007 -1"><span class='ocrx_word' id='word_1_1' title='bbox 299 308 340 363; x_wconf 78' lang='lat' dir='ltr'>DE</span> <span class='ocrx_word' id='word_1_2' title='bbox 367 306 605 364; x_wconf 81' lang='lat' dir='ltr'>iiisrirurioau</span> <span class='ocrx_word' id='word_1_3' title='bbox 633 305 848 361; x_wconf 71' lang='lat' dir='ltr'>sterilitati</span> <span class='ocrx_word' id='word_1_4' title='bbox 878 305 1122 361; x_wconf 73' lang='lat' dir='ltr'>auciiialsiiu.</span> <span class='ocrx_word' id='word_1_5' title='bbox 1279 300 1326 359; x_wconf 74' lang='lat' dir='ltr'>itt</span> 
     </span>
    </p>
   </div>
   <div class='ocr_carea' id='block_1_2' title="bbox 93 404 1327 4371">
    <p class='ocr_par' dir='ltr' id='par_1_2' title="bbox 93 404 1327 3866">
     <span class='ocr_line' id='line_1_2' title="bbox 93 404 1318 491; baseline -0.006 -17"><span class='ocrx_word' id='word_1_6' title='bbox 93 414 214 474; x_wconf 64' lang='lat' dir='ltr'>&amp;acite</span> <span class='ocrx_word' id='word_1_7' title='bbox 232 417 260 472; x_wconf 85' lang='lat' dir='ltr'>ct</span> <span class='ocrx_word' id='word_1_8' title='bbox 279 414 516 486; x_wconf 70' lang='lat' dir='ltr'><strong><em>multiplicamini,</em></strong></span> <span class='ocrx_word' id='word_1_9' title='bbox 536 418 561 471; x_wconf 80' lang='lat' dir='ltr'>et</span> <span class='ocrx_word' id='word_1_10' title='bbox 580 414 682 486; x_wconf 81' lang='lat' dir='ltr'>replete</span> <span class='ocrx_word' id='word_1_11' title='bbox 737 409 911 480; x_wconf 79' lang='lat' dir='ltr'>Sanguinem</span> <span class='ocrx_word' id='word_1_12' title='bbox 925 423 1008 466; x_wconf 89' lang='lat' dir='ltr'>snum</span> <span class='ocrx_word' id='word_1_13' title='bbox 1030 408 1079 466; x_wconf 90' lang='lat' dir='ltr'>det</span> <span class='ocrx_word' id='word_1_14' title='bbox 1099 404 1182 464; x_wconf 91' lang='lat' dir='ltr'>nobis</span> <span class='ocrx_word' id='word_1_15' title='bbox 1195 429 1206 491; x_wconf 77' lang='lat'>².</span> <span class='ocrx_word' id='word_1_16' title='bbox 1216 412 1246 465; x_wconf 88' lang='lat' dir='ltr'>et</span> <span class='ocrx_word' id='word_1_17' title='bbox 1266 422 1318 482; x_wconf 89' lang='lat' dir='ltr'>per</span> 
     </span>
     <span class='ocr_line' id='line_1_3' title="bbox 93 479 1319 560; baseline -0.004 -15"><span class='ocrx_word' id='word_1_18' title='bbox 93 491 209 555; x_wconf 66' lang='lat' dir='ltr'>tcmauu</span> <span class='ocrx_word' id='word_1_19' title='bbox 224 486 311 544; x_wconf 91' lang='lat' dir='ltr'>semel</span> <span class='ocrx_word' id='word_1_20' title='bbox 331 485 447 560; x_wconf 88' lang='lat' dir='ltr'>quidem</span> <span class='ocrx_word' id='word_1_21' title='bbox 463 484 539 543; x_wconf 85' lang='lat' dir='ltr'>dicta</span> <span class='ocrx_word' id='word_1_22' title='bbox 562 488 615 554; x_wconf 85' lang='lat' dir='ltr'>est,</span> <span class='ocrx_word' id='word_1_23' title='bbox 630 485 681 542; x_wconf 87' lang='lat' dir='ltr'>sed</span> <span class='ocrx_word' id='word_1_24' title='bbox 735 484 790 541; x_wconf 90' lang='lat' dir='ltr'>hoc</span> <span class='ocrx_word' id='word_1_25' title='bbox 805 481 940 551; x_wconf 89' lang='lat' dir='ltr'>ostendit,</span> <span class='ocrx_word' id='word_1_26' title='bbox 957 481 1034 553; x_wconf 91' lang='lat' dir='ltr'>quod</span> <span class='ocrx_word' id='word_1_27' title='bbox 1055 479 1086 536; x_wconf 94' lang='lat' dir='ltr'>in</span> <span class='ocrx_word' id='word_1_28' title='bbox 1104 483 1274 553; x_wconf 89' lang='lat' dir='ltr'>sumptione,</span> <span class='ocrx_word' id='word_1_29' title='bbox 1290 485 1319 541; x_wconf 90' lang='lat' dir='ltr'>et</span> 
     </span>
     <span class='ocr_line' id='line_1_4' title="bbox 95 552 1318 632; baseline -0.005 -16"><span class='ocrx_word' id='word_1_30' title='bbox 95 557 174 616; x_wconf 89' lang='lat' dir='ltr'>omni</span> <span class='ocrx_word' id='word_1_31' title='bbox 205 563 334 632; x_wconf 87' lang='lat' dir='ltr'>tempore</span> <span class='ocrx_word' id='word_1_32' title='bbox 369 556 454 614; x_wconf 89' lang='lat' dir='ltr'>sentit</span> <span class='ocrx_word' id='word_1_33' title='bbox 482 557 615 615; x_wconf 85' lang='lat' dir='ltr'>eliectum</span> <span class='ocrx_word' id='word_1_34' title='bbox 643 557 680 615; x_wconf 87' lang='lat' dir='ltr'>ad</span> <span class='ocrx_word' id='word_1_35' title='bbox 735 559 802 612; x_wconf 89' lang='lat' dir='ltr'>ante</span> <span class='ocrx_word' id='word_1_36' title='bbox 822 554 1012 626; x_wconf 81' lang='lat' dir='ltr'>sumptionem</span> <span class='ocrx_word' id='word_1_37' title='bbox 1032 553 1116 626; x_wconf 86' lang='lat' dir='ltr'>hujus</span> <span class='ocrx_word' id='word_1_38' title='bbox 1135 552 1318 625; x_wconf 87' lang='lat' dir='ltr'>sacramenti,</span> 
     </span>
     <span class='ocr_line' id='line_1_5' title="bbox 97 623 1319 704; baseline -0.003 -16"><span class='ocrx_word' id='word_1_39' title='bbox 97 630 321 704; x_wconf 76' lang='lat' dir='ltr'>generationem,</span> <span class='ocrx_word' id='word_1_40' title='bbox 341 635 478 701; x_wconf 77' lang='lat' dir='ltr'>operante</span> <span class='ocrx_word' id='word_1_41' title='bbox 507 628 680 699; x_wconf 78' lang='lat' dir='ltr'>natura3ita</span> <span class='ocrx_word' id='word_1_42' title='bbox 735 625 917 699; x_wconf 72' lang='lat' dir='ltr'>praeexigitur</span> <span class='ocrx_word' id='word_1_43' title='bbox 944 626 1057 683; x_wconf 86' lang='lat' dir='ltr'>devotio</span> <span class='ocrx_word' id='word_1_44' title='bbox 1088 632 1118 681; x_wconf 89' lang='lat' dir='ltr'>et</span> <span class='ocrx_word' id='word_1_45' title='bbox 1148 623 1256 695; x_wconf 90' lang='lat' dir='ltr'>oratio,</span> <span class='ocrx_word' id='word_1_46' title='bbox 1285 640 1319 684; x_wconf 89' lang='lat' dir='ltr'>ac</span> 
     </span>
     <span class='ocr_line' id='line_1_6' title="bbox 98 695 1320 773; baseline -0.005 -12"><span class='ocrx_word' id='word_1_47' title='bbox 98 707 127 761; x_wconf 90' lang='lat' dir='ltr'>et</span> <span class='ocrx_word' id='word_1_48' title='bbox 147 718 199 759; x_wconf 88' lang='lat' dir='ltr'>rox</span> <span class='ocrx_word' id='word_1_49' title='bbox 214 701 269 760; x_wconf 87' lang='lat' dir='ltr'>ista</span> <span class='ocrx_word' id='word_1_50' title='bbox 289 702 376 759; x_wconf 87' lang='lat' dir='ltr'>semel</span> <span class='ocrx_word' id='word_1_51' title='bbox 392 700 507 773; x_wconf 87' lang='lat' dir='ltr'>quidem</span> <span class='ocrx_word' id='word_1_52' title='bbox 526 700 602 758; x_wconf 89' lang='lat' dir='ltr'>dicta</span> <span class='ocrx_word' id='word_1_53' title='bbox 625 708 678 772; x_wconf 91' lang='lat' dir='ltr'>est,</span> <span class='ocrx_word' id='word_1_54' title='bbox 735 699 838 756; x_wconf 87' lang='lat' dir='ltr'>inentis</span> <span class='ocrx_word' id='word_1_55' title='bbox 865 698 895 754; x_wconf 90' lang='lat' dir='ltr'>iu</span> <span class='ocrx_word' id='word_1_56' title='bbox 926 700 1015 755; x_wconf 83' lang='lat' dir='ltr'>Deum</span> <span class='ocrx_word' id='word_1_57' title='bbox 1041 695 1172 754; x_wconf 82' lang='lat' dir='ltr'>elevatio.</span> <span class='ocrx_word' id='word_1_58' title='bbox 1204 699 1236 754; x_wconf 91' lang='lat' dir='ltr'>ln</span> <span class='ocrx_word' id='word_1_59' title='bbox 1264 698 1320 756; x_wconf 91' lang='lat' dir='ltr'>lioc</span> 
     </span>
     <span class='ocr_line' id='line_1_7' title="bbox 97 768 1325 847; baseline -0.004 -15"><span class='ocrx_word' id='word_1_60' title='bbox 97 773 148 832; x_wconf 88' lang='lat' dir='ltr'>sed</span> <span class='ocrx_word' id='word_1_61' title='bbox 173 790 225 847; x_wconf 89' lang='lat' dir='ltr'>per</span> <span class='ocrx_word' id='word_1_62' title='bbox 251 790 352 831; x_wconf 90' lang='lat' dir='ltr'>omnes</span> <span class='ocrx_word' id='word_1_63' title='bbox 375 788 489 830; x_wconf 90' lang='lat' dir='ltr'>mensas</span> <span class='ocrx_word' id='word_1_64' title='bbox 525 771 679 839; x_wconf 84' lang='lat' dir='ltr'>Ecclesiae,</span> <span class='ocrx_word' id='word_1_65' title='bbox 736 773 822 828; x_wconf 90' lang='lat' dir='ltr'>etiam</span> <span class='ocrx_word' id='word_1_66' title='bbox 836 769 937 827; x_wconf 76' lang='lat' dir='ltr'>tribuit</span> <span class='ocrx_word' id='word_1_67' title='bbox 949 768 1030 827; x_wconf 90' lang='lat' dir='ltr'>nobis</span> <span class='ocrx_word' id='word_1_68' title='bbox 1044 768 1205 841; x_wconf 84' lang='lat' dir='ltr'>exemplum</span> <span class='ocrx_word' id='word_1_69' title='bbox 1217 768 1325 842; x_wconf 81' lang='lat' dir='ltr'>glorifi-</span> 
     </span>
     <span class='ocr_line' id='line_1_8' title="bbox 97 842 1321 919; baseline -0.004 -16"><span class='ocrx_word' id='word_1_70' title='bbox 97 861 190 919; x_wconf 90' lang='lat' dir='ltr'>usque</span> <span class='ocrx_word' id='word_1_71' title='bbox 214 847 244 903; x_wconf 94' lang='lat' dir='ltr'>in</span> <span class='ocrx_word' id='word_1_72' title='bbox 262 845 432 903; x_wconf 88' lang='lat' dir='ltr'>hodiernum</span> <span class='ocrx_word' id='word_1_73' title='bbox 447 844 534 914; x_wconf 90' lang='lat' dir='ltr'>diem,</span> <span class='ocrx_word' id='word_1_74' title='bbox 550 849 679 918; x_wconf 87' lang='lat' dir='ltr'>etusque</span> <span class='ocrx_word' id='word_1_75' title='bbox 735 844 817 901; x_wconf 89' lang='lat' dir='ltr'>candi</span> <span class='ocrx_word' id='word_1_76' title='bbox 843 845 932 899; x_wconf 83' lang='lat' dir='ltr'>Dauni</span> <span class='ocrx_word' id='word_1_77' title='bbox 958 843 1088 898; x_wconf 90' lang='lat' dir='ltr'>inomni</span> <span class='ocrx_word' id='word_1_78' title='bbox 1121 844 1197 900; x_wconf 88' lang='lat' dir='ltr'>bona</span> <span class='ocrx_word' id='word_1_79' title='bbox 1222 842 1321 899; x_wconf 92' lang='lat' dir='ltr'>incho-</span> 
     </span>
     <span class='ocr_line' id='line_1_9' title="bbox 96 911 1320 1048; baseline -0.002 -73"><span class='ocrx_word' id='word_1_80' title='bbox 96 918 134 976; x_wconf 84' lang='lat' dir='ltr'>ad</span> <span class='ocrx_word' id='word_1_81' title='bbox 152 917 214 1001; x_wconf 81' lang='lat' dir='ltr'>ejus</span> <span class='ocrx_word' id='word_1_82' title='bbox 233 918 386 975; x_wconf 86' lang='lat' dir='ltr'>adventum</span> <span class='ocrx_word' id='word_1_83' title='bbox 406 921 525 1048; x_wconf 42' lang='lat' dir='ltr'>praestat</span> <span class='ocrx_word' id='word_1_84' title='bbox 541 916 680 974; x_wconf 88' lang='lat' dir='ltr'>sacrilieio</span> <span class='ocrx_word' id='word_1_85' title='bbox 734 916 839 997; x_wconf 78' lang='lat' dir='ltr'>atione.</span> <span class='ocrx_word' id='word_1_86' title='bbox 856 914 936 972; x_wconf 88' lang='lat' dir='ltr'>Unde</span> <span class='ocrx_word' id='word_1_87' title='bbox 952 911 992 996; x_wconf 79' lang='lat' dir='ltr'>ait</span> <span class='ocrx_word' id='word_1_88' title='bbox 1006 914 1104 997; x_wconf 75' lang='lat' dir='ltr'>Beda:</span> <span class='ocrx_word' id='word_1_89' title='bbox 1122 934 1137 967; x_wconf 78' lang='lat' dir='ltr'>a</span> <span class='ocrx_word' id='word_1_90' title='bbox 1150 915 1184 969; x_wconf 88' lang='lat' dir='ltr'>Et</span> <span class='ocrx_word' id='word_1_91' title='bbox 1197 913 1270 996; x_wconf 82' lang='lat' dir='ltr'>sicut</span> <span class='ocrx_word' id='word_1_92' title='bbox 1283 912 1320 972; x_wconf 89' lang='lat' dir='ltr'>de</span> 
     </span>
     <span class='ocr_line' id='line_1_10' title="bbox 97 987 1321 1059; baseline -0.003 -12"><span class='ocrx_word' id='word_1_93' title='bbox 97 989 262 1047; x_wconf 86' lang='lat' dir='ltr'>firmitatem</span> <span class='ocrx_word' id='word_1_94' title='bbox 278 1007 285 1048; x_wconf 92' lang='lat'>:</span> <span class='ocrx_word' id='word_1_95' title='bbox 301 1009 315 1043; x_wconf 84' lang='lat' dir='ltr'>o</span> <span class='ocrx_word' id='word_1_96' title='bbox 329 990 391 1046; x_wconf 83' lang='lat' dir='ltr'>haec</span> <span class='ocrx_word' id='word_1_97' title='bbox 427 991 620 1058; x_wconf 82' lang='lat' dir='ltr'>trpcoctomur.</span> <span class='ocrx_word' id='word_1_98' title='bbox 633 991 681 1046; x_wconf 84' lang='lat' dir='ltr'>Est</span> <span class='ocrx_word' id='word_1_99' title='bbox 733 989 875 1045; x_wconf 82' lang='lat' dir='ltr'>veteribus</span> <span class='ocrx_word' id='word_1_100' title='bbox 895 987 1083 1043; x_wconf 87' lang='lat' dir='ltr'>terminandis</span> <span class='ocrx_word' id='word_1_101' title='bbox 1106 990 1214 1059; x_wconf 80' lang='lat' dir='ltr'>egerat,</span> <span class='ocrx_word' id='word_1_102' title='bbox 1231 1002 1272 1043; x_wconf 88' lang='lat' dir='ltr'>sie</span> <span class='ocrx_word' id='word_1_103' title='bbox 1291 992 1321 1044; x_wconf 93' lang='lat' dir='ltr'>et</span> 
     </span>
     <span class='ocr_line' id='line_1_11' title="bbox 96 1057 1317 1131; baseline -0.003 -12"><span class='ocrx_word' id='word_1_104' title='bbox 96 1065 193 1119; x_wconf 85' lang='lat' dir='ltr'>autem</span> <span class='ocrx_word' id='word_1_105' title='bbox 207 1061 247 1119; x_wconf 91' lang='lat' dir='ltr'>ibi</span> <span class='ocrx_word' id='word_1_106' title='bbox 267 1062 367 1131; x_wconf 86' lang='lat' dir='ltr'>altare,</span> <span class='ocrx_word' id='word_1_107' title='bbox 383 1059 431 1118; x_wconf 87' lang='lat' dir='ltr'>uhi</span> <span class='ocrx_word' id='word_1_108' title='bbox 449 1062 586 1118; x_wconf 89' lang='lat' dir='ltr'>Dominus</span> <span class='ocrx_word' id='word_1_109' title='bbox 601 1060 680 1119; x_wconf 91' lang='lat' dir='ltr'>ordi·</span> <span class='ocrx_word' id='word_1_110' title='bbox 733 1061 769 1117; x_wconf 93' lang='lat' dir='ltr'>de</span> <span class='ocrx_word' id='word_1_111' title='bbox 797 1060 878 1116; x_wconf 85' lang='lat' dir='ltr'>novis</span> <span class='ocrx_word' id='word_1_112' title='bbox 906 1057 1075 1131; x_wconf 83' lang='lat' dir='ltr'>incipiendis</span> <span class='ocrx_word' id='word_1_113' title='bbox 1103 1057 1210 1131; x_wconf 71' lang='lat' dir='ltr'>gratiae</span> <span class='ocrx_word' id='word_1_114' title='bbox 1239 1058 1317 1131; x_wconf 82' lang='lat' dir='ltr'>agit,</span> 
     </span>
     <span class='ocr_line' id='line_1_12' title="bbox 96 1130 1318 1202; baseline -0.002 -12"><span class='ocrx_word' id='word_1_115' title='bbox 96 1132 177 1190; x_wconf 83' lang='lat' dir='ltr'>navit</span> <span class='ocrx_word' id='word_1_116' title='bbox 197 1138 405 1192; x_wconf 88' lang='lat' dir='ltr'>sacramentum</span> <span class='ocrx_word' id='word_1_117' title='bbox 426 1132 620 1191; x_wconf 67' lang='lat' dir='ltr'><strong><em>Eucharistiae.</em></strong></span> <span class='ocrx_word' id='word_1_118' title='bbox 636 1132 678 1191; x_wconf 89' lang='lat' dir='ltr'>Ob</span> <span class='ocrx_word' id='word_1_119' title='bbox 733 1130 816 1189; x_wconf 90' lang='lat' dir='ltr'>nohis</span> <span class='ocrx_word' id='word_1_120' title='bbox 854 1130 942 1188; x_wconf 90' lang='lat' dir='ltr'>ariter</span> <span class='ocrx_word' id='word_1_121' title='bbox 959 1130 1117 1202; x_wconf 82' lang='lat' dir='ltr'>exemplum</span> <span class='ocrx_word' id='word_1_122' title='bbox 1133 1130 1272 1200; x_wconf 86' lang='lat' dir='ltr'>tribuens,</span> <span class='ocrx_word' id='word_1_123' title='bbox 1288 1130 1318 1187; x_wconf 93' lang='lat' dir='ltr'>in</span> 
     </span>
     <span class='ocr_line' id='line_1_13' title="bbox 95 1147 1317 1284; baseline -0.002 -23"><span class='ocrx_word' id='word_1_124' title='bbox 95 1205 178 1277; x_wconf 89' lang='lat' dir='ltr'>cujus</span> <span class='ocrx_word' id='word_1_125' title='bbox 195 1205 403 1263; x_wconf 89' lang='lat' dir='ltr'>institutionem</span> <span class='ocrx_word' id='word_1_126' title='bbox 422 1210 476 1274; x_wconf 87' lang='lat' dir='ltr'>est,</span> <span class='ocrx_word' id='word_1_127' title='bbox 492 1205 567 1277; x_wconf 92' lang='lat' dir='ltr'>quod</span> <span class='ocrx_word' id='word_1_128' title='bbox 583 1206 610 1261; x_wconf 94' lang='lat' dir='ltr'>in</span> <span class='ocrx_word' id='word_1_129' title='bbox 625 1206 680 1262; x_wconf 91' lang='lat' dir='ltr'>hae</span> <span class='ocrx_word' id='word_1_130' title='bbox 734 1205 812 1261; x_wconf 92' lang='lat' dir='ltr'>omni</span> <span class='ocrx_word' id='word_1_131' title='bbox 834 1147 907 1260; x_wconf 63' lang='lat' dir='ltr'>iconi</span> <span class='ocrx_word' id='word_1_132' title='bbox 932 1204 1024 1275; x_wconf 89' lang='lat' dir='ltr'>operis</span> <span class='ocrx_word' id='word_1_133' title='bbox 1051 1202 1244 1284; x_wconf 80' lang='lat' dir='ltr'>inchoatione,</span> <span class='ocrx_word' id='word_1_134' title='bbox 1271 1201 1317 1259; x_wconf 83' lang='lat' dir='ltr'>vei</span> 
     </span>
     <span class='ocr_line' id='line_1_14' title="bbox 94 1274 1316 1349; baseline -0.002 -16"><span class='ocrx_word' id='word_1_135' title='bbox 94 1275 154 1347; x_wconf 88' lang='lat' dir='ltr'>die,</span> <span class='ocrx_word' id='word_1_136' title='bbox 172 1293 237 1334; x_wconf 90' lang='lat' dir='ltr'>cuin</span> <span class='ocrx_word' id='word_1_137' title='bbox 253 1293 353 1334; x_wconf 88' lang='lat' dir='ltr'>omues</span> <span class='ocrx_word' id='word_1_138' title='bbox 373 1279 456 1335; x_wconf 86' lang='lat' dir='ltr'>llorae</span> <span class='ocrx_word' id='word_1_139' title='bbox 478 1277 534 1333; x_wconf 91' lang='lat' dir='ltr'>sint</span> <span class='ocrx_word' id='word_1_140' title='bbox 559 1276 695 1342; x_wconf 82' lang='lat' dir='ltr'>flebiles,&#39;</span> <span class='ocrx_word' id='word_1_141' title='bbox 734 1277 916 1349; x_wconf 79' lang='lat' dir='ltr'>perfectione,</span> <span class='ocrx_word' id='word_1_142' title='bbox 933 1277 1047 1333; x_wconf 88' lang='lat' dir='ltr'>Patrem</span> <span class='ocrx_word' id='word_1_143' title='bbox 1062 1274 1111 1348; x_wconf 88' lang='lat' dir='ltr'>qui</span> <span class='ocrx_word' id='word_1_144' title='bbox 1126 1277 1154 1331; x_wconf 90' lang='lat' dir='ltr'>in</span> <span class='ocrx_word' id='word_1_145' title='bbox 1169 1276 1248 1331; x_wconf 85' lang='lat' dir='ltr'>coelis</span> <span class='ocrx_word' id='word_1_146' title='bbox 1262 1277 1316 1346; x_wconf 91' lang='lat' dir='ltr'>est,</span> 
     </span>
     <span class='ocr_line' id='line_1_15' title="bbox 95 1347 1318 1431; baseline -0.001 -28"><span class='ocrx_word' id='word_1_147' title='bbox 95 1347 159 1431; x_wconf 73' lang='lat' dir='ltr'>sola</span> <span class='ocrx_word' id='word_1_148' title='bbox 186 1349 272 1406; x_wconf 83' lang='lat' dir='ltr'>Missa</span> <span class='ocrx_word' id='word_1_149' title='bbox 298 1352 342 1406; x_wconf 88' lang='lat' dir='ltr'>est</span> <span class='ocrx_word' id='word_1_150' title='bbox 364 1348 508 1417; x_wconf 87' lang='lat' dir='ltr'>solemnis,</span> <span class='ocrx_word' id='word_1_151' title='bbox 531 1352 680 1431; x_wconf 81' lang='lat' dir='ltr'>tamquam</span> <span class='ocrx_word' id='word_1_152' title='bbox 735 1365 797 1407; x_wconf 89' lang='lat' dir='ltr'>esse</span> <span class='ocrx_word' id='word_1_153' title='bbox 819 1347 1046 1420; x_wconf 81' lang='lat' dir='ltr'>glorificandum.</span> <span class='ocrx_word' id='word_1_154' title='bbox 1064 1372 1077 1396; x_wconf 71' lang='lat'>›-</span> <span class='ocrx_word' id='word_1_155' title='bbox 1099 1348 1219 1416; x_wconf 86' lang='lat' dir='ltr'>Deinde,</span> <span class='ocrx_word' id='word_1_156' title='bbox 1237 1347 1318 1402; x_wconf 80' lang='lat' dir='ltr'>heae·</span> 
     </span>
     <span class='ocr_line' id='line_1_16' title="bbox 94 1419 1317 1492; baseline -0.001 -16"><span class='ocrx_word' id='word_1_157' title='bbox 94 1435 128 1477; x_wconf 89' lang='lat' dir='ltr'>in</span> <span class='ocrx_word' id='word_1_158' title='bbox 142 1437 194 1477; x_wconf 88' lang='lat' dir='ltr'>suo</span> <span class='ocrx_word' id='word_1_159' title='bbox 207 1421 305 1490; x_wconf 88' lang='lat' dir='ltr'>natali,</span> <span class='ocrx_word' id='word_1_160' title='bbox 316 1419 462 1478; x_wconf 88' lang='lat' dir='ltr'>seilicetin</span> <span class='ocrx_word' id='word_1_161' title='bbox 472 1420 518 1478; x_wconf 92' lang='lat' dir='ltr'>die</span> <span class='ocrx_word' id='word_1_162' title='bbox 533 1437 593 1478; x_wconf 88' lang='lat' dir='ltr'>suae</span> <span class='ocrx_word' id='word_1_163' title='bbox 605 1420 680 1478; x_wconf 83' lang='lat' dir='ltr'>insti·</span> <span class='ocrx_word' id='word_1_164' title='bbox 734 1423 820 1490; x_wconf 81' lang='lat' dir='ltr'>dicit,</span> <span class='ocrx_word' id='word_1_165' title='bbox 835 1419 955 1477; x_wconf 90' lang='lat' dir='ltr'>dicendo</span> <span class='ocrx_word' id='word_1_166' title='bbox 972 1422 1057 1477; x_wconf 88' lang='lat' dir='ltr'>verba</span> <span class='ocrx_word' id='word_1_167' title='bbox 1067 1436 1132 1492; x_wconf 88' lang='lat' dir='ltr'>quae</span> <span class='ocrx_word' id='word_1_168' title='bbox 1144 1425 1317 1492; x_wconf 85' lang='lat' dir='ltr'>sequuntur:</span> 
     </span>
     <span class='ocr_line' id='line_1_17' title="bbox 95 1489 1324 1565; baseline 0 -17"><span class='ocrx_word' id='word_1_169' title='bbox 95 1491 344 1551; x_wconf 69' lang='lat' dir='ltr'>catechizarem</span> <span class='ocrx_word' id='word_1_170' title='bbox 360 1491 681 1565; x_wconf 87' lang='lat' dir='ltr'>quoquedieChrisma</span> <span class='ocrx_word' id='word_1_171' title='bbox 734 1497 791 1552; x_wconf 88' lang='lat' dir='ltr'>lloc</span> <span class='ocrx_word' id='word_1_172' title='bbox 817 1498 857 1549; x_wconf 84' lang='lat' dir='ltr'>est</span> <span class='ocrx_word' id='word_1_173' title='bbox 886 1507 983 1564; x_wconf 83' lang='lat' dir='ltr'>corpus</span> <span class='ocrx_word' id='word_1_174' title='bbox 1011 1509 1114 1559; x_wconf 88' lang='lat' dir='ltr'>mcum;</span> <span class='ocrx_word' id='word_1_175' title='bbox 1130 1493 1195 1560; x_wconf 88' lang='lat' dir='ltr'>hoc,</span> <span class='ocrx_word' id='word_1_176' title='bbox 1215 1489 1324 1549; x_wconf 86' lang='lat' dir='ltr'>scilicet</span> 
     </span>
     <span class='ocr_line' id='line_1_18' title="bbox 95 1562 1323 1639; baseline 0 -19"><span class='ocrx_word' id='word_1_177' title='bbox 95 1563 255 1635; x_wconf 83' lang='lat' dir='ltr'>coniicitur,</span> <span class='ocrx_word' id='word_1_178' title='bbox 269 1581 325 1637; x_wconf 84' lang='lat' dir='ltr'>quo</span> <span class='ocrx_word' id='word_1_179' title='bbox 336 1564 444 1622; x_wconf 81' lang='lat' dir='ltr'>frontes</span> <span class='ocrx_word' id='word_1_180' title='bbox 454 1564 605 1633; x_wconf 91' lang='lat' dir='ltr'>liniuntur,</span> <span class='ocrx_word' id='word_1_181' title='bbox 614 1566 680 1636; x_wconf 86' lang='lat' dir='ltr'>quia</span> <span class='ocrx_word' id='word_1_182' title='bbox 736 1565 811 1639; x_wconf 84' lang='lat' dir='ltr'>quod</span> <span class='ocrx_word' id='word_1_183' title='bbox 835 1565 887 1623; x_wconf 88' lang='lat' dir='ltr'>sub</span> <span class='ocrx_word' id='word_1_184' title='bbox 906 1565 1000 1636; x_wconf 89' lang='lat' dir='ltr'>specie</span> <span class='ocrx_word' id='word_1_185' title='bbox 1020 1564 1103 1637; x_wconf 88' lang='lat' dir='ltr'>panis</span> <span class='ocrx_word' id='word_1_186' title='bbox 1117 1562 1232 1636; x_wconf 82' lang='lat' dir='ltr'>ridetis,</span> <span class='ocrx_word' id='word_1_187' title='bbox 1246 1562 1323 1635; x_wconf 92' lang='lat' dir='ltr'>quod</span> 
     </span>
     <span class='ocr_line' id='line_1_19' title="bbox 95 1634 1325 1718; baseline -0.001 -26"><span class='ocrx_word' id='word_1_188' title='bbox 95 1634 198 1717; x_wconf 80' lang='lat' dir='ltr'>eadem</span> <span class='ocrx_word' id='word_1_189' title='bbox 217 1637 263 1694; x_wconf 89' lang='lat' dir='ltr'>die</span> <span class='ocrx_word' id='word_1_190' title='bbox 284 1641 378 1709; x_wconf 90' lang='lat' dir='ltr'>postes</span> <span class='ocrx_word' id='word_1_191' title='bbox 402 1636 468 1709; x_wconf 81' lang='lat' dir='ltr'>agni</span> <span class='ocrx_word' id='word_1_192' title='bbox 494 1635 630 1709; x_wconf 83' lang='lat' dir='ltr'>sanguine</span> <span class='ocrx_word' id='word_1_193' title='bbox 650 1636 681 1693; x_wconf 94' lang='lat' dir='ltr'>li·</span> <span class='ocrx_word' id='word_1_194' title='bbox 738 1654 813 1695; x_wconf 92' lang='lat' dir='ltr'>nunc</span> <span class='ocrx_word' id='word_1_195' title='bbox 828 1637 875 1704; x_wconf 92' lang='lat' dir='ltr'>do,</span> <span class='ocrx_word' id='word_1_196' title='bbox 890 1641 918 1692; x_wconf 89' lang='lat' dir='ltr'>et</span> <span class='ocrx_word' id='word_1_197' title='bbox 933 1637 1009 1709; x_wconf 90' lang='lat' dir='ltr'>quod</span> <span class='ocrx_word' id='word_1_198' title='bbox 1024 1653 1100 1694; x_wconf 91' lang='lat' dir='ltr'>nune</span> <span class='ocrx_word' id='word_1_199' title='bbox 1113 1635 1233 1706; x_wconf 86' lang='lat' dir='ltr'>sumitis,</span> <span class='ocrx_word' id='word_1_200' title='bbox 1248 1635 1325 1718; x_wconf 85' lang='lat' dir='ltr'>quod</span> 
     </span>
     <span class='ocr_line' id='line_1_20' title="bbox 95 1708 1323 1784; baseline -0.001 -20"><span class='ocrx_word' id='word_1_201' title='bbox 95 1708 681 1780; x_wconf 79' lang='lat' dir='ltr'>urebantur.hspicenuncbenequomodo</span> <span class='ocrx_word' id='word_1_202' title='bbox 736 1727 788 1784; x_wconf 89' lang='lat' dir='ltr'>pro</span> <span class='ocrx_word' id='word_1_203' title='bbox 824 1709 913 1777; x_wconf 84' lang='lat' dir='ltr'>vohis,</span> <span class='ocrx_word' id='word_1_204' title='bbox 940 1713 969 1764; x_wconf 91' lang='lat' dir='ltr'>et</span> <span class='ocrx_word' id='word_1_205' title='bbox 1002 1715 1094 1766; x_wconf 82' lang='lat' dir='ltr'>restra</span> <span class='ocrx_word' id='word_1_206' title='bbox 1125 1708 1323 1780; x_wconf 76' lang='lat' dir='ltr'>redemptione</span> 
     </span>
     <span class='ocr_line' id='line_1_21' title="bbox 95 1777 1321 1854; baseline 0.001 -20"><span class='ocrx_word' id='word_1_207' title='bbox 95 1777 250 1851; x_wconf 79' lang='lat' dir='ltr'>diligenter</span> <span class='ocrx_word' id='word_1_208' title='bbox 262 1795 296 1838; x_wconf 89' lang='lat' dir='ltr'>ac</span> <span class='ocrx_word' id='word_1_209' title='bbox 314 1779 446 1850; x_wconf 78' lang='lat' dir='ltr'>fideliter,</span> <span class='ocrx_word' id='word_1_210' title='bbox 459 1785 488 1837; x_wconf 88' lang='lat' dir='ltr'>et</span> <span class='ocrx_word' id='word_1_211' title='bbox 507 1781 606 1837; x_wconf 89' lang='lat' dir='ltr'>devote</span> <span class='ocrx_word' id='word_1_212' title='bbox 622 1783 682 1838; x_wconf 86' lang='lat' dir='ltr'>Do-</span> <span class='ocrx_word' id='word_1_213' title='bbox 737 1782 874 1850; x_wconf 88' lang='lat' dir='ltr'>tradetur,</span> <span class='ocrx_word' id='word_1_214' title='bbox 890 1781 926 1838; x_wconf 87' lang='lat' dir='ltr'>ad</span> <span class='ocrx_word' id='word_1_215' title='bbox 942 1782 1144 1854; x_wconf 81' lang='lat' dir='ltr'>flagellandum</span> <span class='ocrx_word' id='word_1_216' title='bbox 1159 1785 1187 1837; x_wconf 92' lang='lat' dir='ltr'>et</span> <span class='ocrx_word' id='word_1_217' title='bbox 1206 1778 1321 1837; x_wconf 87' lang='lat' dir='ltr'>crucili-</span> 
     </span>
     <span class='ocr_line' id='line_1_22' title="bbox 94 1849 1322 1927; baseline 0 -20"><span class='ocrx_word' id='word_1_218' title='bbox 94 1849 192 1908; x_wconf 89' lang='lat' dir='ltr'>minus</span> <span class='ocrx_word' id='word_1_219' title='bbox 218 1850 354 1924; x_wconf 68' lang='lat' dir='ltr'>praedicta</span> <span class='ocrx_word' id='word_1_220' title='bbox 381 1851 490 1915; x_wconf 90' lang='lat' dir='ltr'>lecerit,</span> <span class='ocrx_word' id='word_1_221' title='bbox 506 1855 535 1908; x_wconf 89' lang='lat' dir='ltr'>et</span> <span class='ocrx_word' id='word_1_222' title='bbox 559 1850 682 1924; x_wconf 90' lang='lat' dir='ltr'>propriis</span> <span class='ocrx_word' id='word_1_223' title='bbox 737 1854 873 1927; x_wconf 86' lang='lat' dir='ltr'>gendum.</span> <span class='ocrx_word' id='word_1_224' title='bbox 890 1855 929 1908; x_wconf 81' lang='lat' dir='ltr'>Ex</span> <span class='ocrx_word' id='word_1_225' title='bbox 952 1870 1007 1925; x_wconf 90' lang='lat' dir='ltr'>qno</span> <span class='ocrx_word' id='word_1_226' title='bbox 1033 1852 1144 1909; x_wconf 85' lang='lat' dir='ltr'>videtur</span> <span class='ocrx_word' id='word_1_227' title='bbox 1165 1852 1243 1924; x_wconf 90' lang='lat' dir='ltr'>quod</span> <span class='ocrx_word' id='word_1_228' title='bbox 1273 1853 1322 1908; x_wconf 84' lang='lat' dir='ltr'>hcc</span> 
     </span>
     <span class='ocr_line' id='line_1_23' title="bbox 96 1922 1323 1996; baseline 0.002 -18"><span class='ocrx_word' id='word_1_229' title='bbox 96 1922 683 1981; x_wconf 85' lang='lat' dir='ltr'>manibusillamdilectamcthenedictam</span> <span class='ocrx_word' id='word_1_230' title='bbox 739 1943 796 1982; x_wconf 93' lang='lat' dir='ltr'>non</span> <span class='ocrx_word' id='word_1_231' title='bbox 819 1925 995 1982; x_wconf 87' lang='lat' dir='ltr'>demonstrat</span> <span class='ocrx_word' id='word_1_232' title='bbox 1008 1924 1131 1996; x_wconf 81' lang='lat' dir='ltr'>speciem</span> <span class='ocrx_word' id='word_1_233' title='bbox 1152 1922 1235 1995; x_wconf 92' lang='lat' dir='ltr'>panis</span> <span class='ocrx_word' id='word_1_234' title='bbox 1257 1922 1323 1980; x_wconf 89' lang='lat' dir='ltr'>sim·</span> 
     </span>
     <span class='ocr_line' id='line_1_24' title="bbox 96 1993 1321 2069; baseline 0 -20"><span class='ocrx_word' id='word_1_235' title='bbox 96 1993 234 2052; x_wconf 80' lang='lat' dir='ltr'>familiam</span> <span class='ocrx_word' id='word_1_236' title='bbox 249 2011 329 2053; x_wconf 90' lang='lat' dir='ltr'>suam</span> <span class='ocrx_word' id='word_1_237' title='bbox 345 1993 605 2052; x_wconf 83' lang='lat' dir='ltr'>communicaverit.</span> <span class='ocrx_word' id='word_1_238' title='bbox 618 1997 680 2051; x_wconf 80' lang='lat' dir='ltr'>h&#39;on</span> <span class='ocrx_word' id='word_1_239' title='bbox 738 1997 857 2069; x_wconf 77' lang='lat' dir='ltr'>pliciter.</span> <span class='ocrx_word' id='word_1_240' title='bbox 875 2012 927 2052; x_wconf 90' lang='lat' dir='ltr'>noc</span> <span class='ocrx_word' id='word_1_241' title='bbox 942 1998 1051 2068; x_wconf 89' lang='lat' dir='ltr'>Corpus</span> <span class='ocrx_word' id='word_1_242' title='bbox 1065 1995 1169 2052; x_wconf 85' lang='lat' dir='ltr'>Christi</span> <span class='ocrx_word' id='word_1_243' title='bbox 1186 1993 1321 2066; x_wconf 88' lang='lat' dir='ltr'>simplici-</span> 
     </span>
     <span class='ocr_line' id='line_1_25' title="bbox 95 2064 1326 2140; baseline 0.002 -19"><span class='ocrx_word' id='word_1_244' title='bbox 95 2064 173 2123; x_wconf 88' lang='lat' dir='ltr'>cniui</span> <span class='ocrx_word' id='word_1_245' title='bbox 200 2072 243 2124; x_wconf 91' lang='lat' dir='ltr'>est</span> <span class='ocrx_word' id='word_1_246' title='bbox 258 2065 483 2137; x_wconf 77' lang='lat' dir='ltr'>intelligendum,</span> <span class='ocrx_word' id='word_1_247' title='bbox 502 2065 577 2138; x_wconf 70' lang='lat' dir='ltr'>iiuod</span> <span class='ocrx_word' id='word_1_248' title='bbox 593 2065 679 2122; x_wconf 87' lang='lat' dir='ltr'>disci·</span> <span class='ocrx_word' id='word_1_249' title='bbox 739 2069 855 2137; x_wconf 89' lang='lat' dir='ltr'>ter,sod</span> <span class='ocrx_word' id='word_1_250' title='bbox 882 2069 991 2140; x_wconf 89' lang='lat' dir='ltr'>Corpus</span> <span class='ocrx_word' id='word_1_251' title='bbox 1015 2066 1119 2123; x_wconf 87' lang='lat' dir='ltr'>Christi</span> <span class='ocrx_word' id='word_1_252' title='bbox 1152 2067 1205 2124; x_wconf 90' lang='lat' dir='ltr'>suh</span> <span class='ocrx_word' id='word_1_253' title='bbox 1232 2082 1245 2121; x_wconf 91' lang='lat' dir='ltr'>s</span> <span class='ocrx_word' id='word_1_254' title='bbox 1265 2064 1326 2123; x_wconf 88' lang='lat' dir='ltr'>ecio</span> 
     </span>
     <span class='ocr_line' id='line_1_26' title="bbox 93 2082 1321 2215; baseline 0 -21"><span class='ocrx_word' id='word_1_255' title='bbox 93 2137 155 2210; x_wconf 85' lang='lat' dir='ltr'>puli</span> <span class='ocrx_word' id='word_1_256' title='bbox 175 2145 319 2210; x_wconf 89' lang='lat' dir='ltr'>sumptum</span> <span class='ocrx_word' id='word_1_257' title='bbox 338 2139 447 2210; x_wconf 90' lang='lat' dir='ltr'>Corpus</span> <span class='ocrx_word' id='word_1_258' title='bbox 464 2138 500 2194; x_wconf 88' lang='lat' dir='ltr'>de</span> <span class='ocrx_word' id='word_1_259' title='bbox 521 2153 607 2194; x_wconf 90' lang='lat' dir='ltr'>manu</span> <span class='ocrx_word' id='word_1_260' title='bbox 627 2141 681 2194; x_wconf 87' lang='lat' dir='ltr'>Do·</span> <span class='ocrx_word' id='word_1_261' title='bbox 737 2140 818 2215; x_wconf 84' lang='lat' dir='ltr'>panis</span> <span class='ocrx_word' id='word_1_262' title='bbox 833 2156 869 2211; x_wconf 89' lang='lat' dir='ltr'>ap</span> <span class='ocrx_word' id='word_1_263' title='bbox 889 2155 983 2196; x_wconf 85' lang='lat' dir='ltr'>arens.</span> <span class='ocrx_word' id='word_1_264' title='bbox 1001 2140 1079 2195; x_wconf 83' lang='lat' dir='ltr'>Unde</span> <span class='ocrx_word' id='word_1_265' title='bbox 1099 2139 1185 2195; x_wconf 88' lang='lat' dir='ltr'>otiam</span> <span class='ocrx_word' id='word_1_266' title='bbox 1210 2082 1321 2194; x_wconf 70' lang='lat' dir='ltr'>uicta</span> 
     </span>
     <span class='ocr_line' id='line_1_27' title="bbox 97 2156 1320 2286; baseline 0.001 -20"><span class='ocrx_word' id='word_1_267' title='bbox 97 2207 166 2266; x_wconf 88' lang='lat' dir='ltr'>mini</span> <span class='ocrx_word' id='word_1_268' title='bbox 184 2209 237 2267; x_wconf 91' lang='lat' dir='ltr'>sibi</span> <span class='ocrx_word' id='word_1_269' title='bbox 252 2209 462 2276; x_wconf 82' lang='lat' dir='ltr'>ininistrarent;</span> <span class='ocrx_word' id='word_1_270' title='bbox 478 2208 528 2266; x_wconf 86' lang='lat' dir='ltr'>sed</span> <span class='ocrx_word' id='word_1_271' title='bbox 544 2209 592 2281; x_wconf 89' lang='lat' dir='ltr'>qui</span> <span class='ocrx_word' id='word_1_272' title='bbox 612 2225 681 2267; x_wconf 90' lang='lat' dir='ltr'>con·</span> <span class='ocrx_word' id='word_1_273' title='bbox 738 2156 1320 2286; x_wconf 67' lang='lat' dir='ltr'>quodnuliaaliainteiligiturbenedictio,</span> 
     </span>
     <span class='ocr_line' id='line_1_28' title="bbox 97 2280 1320 2358; baseline 0.002 -21"><span class='ocrx_word' id='word_1_274' title='bbox 97 2285 227 2354; x_wconf 82' lang='lat' dir='ltr'>serravit,</span> <span class='ocrx_word' id='word_1_275' title='bbox 244 2281 304 2354; x_wconf 89' lang='lat' dir='ltr'>ipse</span> <span class='ocrx_word' id='word_1_276' title='bbox 319 2287 348 2339; x_wconf 91' lang='lat' dir='ltr'>et</span> <span class='ocrx_word' id='word_1_277' title='bbox 362 2281 543 2338; x_wconf 83' lang='lat' dir='ltr'>ministrarit.</span> <span class='ocrx_word' id='word_1_278' title='bbox 559 2285 591 2337; x_wconf 90' lang='lat' dir='ltr'>lu</span> <span class='ocrx_word' id='word_1_279' title='bbox 604 2284 683 2353; x_wconf 83' lang='lat' dir='ltr'>cujus</span> <span class='ocrx_word' id='word_1_280' title='bbox 738 2301 824 2358; x_wconf 88' lang='lat' dir='ltr'>quain</span> <span class='ocrx_word' id='word_1_281' title='bbox 844 2300 990 2341; x_wconf 81' lang='lat' dir='ltr'>sacrorum</span> <span class='ocrx_word' id='word_1_282' title='bbox 1016 2284 1167 2340; x_wconf 81' lang='lat' dir='ltr'>verhorum</span> <span class='ocrx_word' id='word_1_283' title='bbox 1190 2280 1320 2354; x_wconf 83' lang='lat' dir='ltr'>prolatio.</span> 
     </span>
     <span class='ocr_line' id='line_1_29' title="bbox 96 2351 1327 2425; baseline 0.001 -16"><span class='ocrx_word' id='word_1_284' title='bbox 96 2351 210 2425; x_wconf 83' lang='lat' dir='ltr'>signum</span> <span class='ocrx_word' id='word_1_285' title='bbox 234 2369 333 2411; x_wconf 87' lang='lat' dir='ltr'>omnes</span> <span class='ocrx_word' id='word_1_286' title='bbox 355 2352 479 2425; x_wconf 83' lang='lat' dir='ltr'>religiosi</span> <span class='ocrx_word' id='word_1_287' title='bbox 501 2354 639 2410; x_wconf 85' lang='lat' dir='ltr'>deberent</span> <span class='ocrx_word' id='word_1_288' title='bbox 652 2353 683 2410; x_wconf 93' lang='lat' dir='ltr'>in</span> <span class='ocrx_word' id='word_1_289' title='bbox 739 2355 948 2415; x_wconf 86' lang='lat' dir='ltr'>Transmutatio</span> <span class='ocrx_word' id='word_1_290' title='bbox 981 2363 1078 2412; x_wconf 89' lang='lat' dir='ltr'>autem</span> <span class='ocrx_word' id='word_1_291' title='bbox 1106 2356 1139 2412; x_wconf 85' lang='lat' dir='ltr'>fii</span> <span class='ocrx_word' id='word_1_292' title='bbox 1169 2354 1197 2411; x_wconf 93' lang='lat' dir='ltr'>iii</span> <span class='ocrx_word' id='word_1_293' title='bbox 1227 2352 1327 2412; x_wconf 84' lang='lat' dir='ltr'>ultimo</span> 
     </span>
     <span class='ocr_line' id='line_1_30' title="bbox 96 2423 1326 2502; baseline 0.002 -21"><span class='ocrx_word' id='word_1_294' title='bbox 96 2423 143 2481; x_wconf 91' lang='lat' dir='ltr'>die</span> <span class='ocrx_word' id='word_1_295' title='bbox 166 2425 261 2482; x_wconf 84' lang='lat' dir='ltr'>Coenae</span> <span class='ocrx_word' id='word_1_296' title='bbox 287 2425 415 2494; x_wconf 89' lang='lat' dir='ltr'>recipere</span> <span class='ocrx_word' id='word_1_297' title='bbox 440 2427 548 2497; x_wconf 86' lang='lat' dir='ltr'>Corpus</span> <span class='ocrx_word' id='word_1_298' title='bbox 565 2424 681 2491; x_wconf 86' lang='lat' dir='ltr'>Christi,</span> <span class='ocrx_word' id='word_1_299' title='bbox 739 2429 855 2486; x_wconf 86' lang='lat' dir='ltr'>instanti</span> <span class='ocrx_word' id='word_1_300' title='bbox 875 2428 994 2502; x_wconf 78' lang='lat' dir='ltr'>prolatae</span> <span class='ocrx_word' id='word_1_301' title='bbox 1012 2427 1161 2486; x_wconf 88' lang='lat' dir='ltr'>orationis.</span> <span class='ocrx_word' id='word_1_302' title='bbox 1184 2427 1262 2485; x_wconf 88' lang='lat' dir='ltr'>Unde</span> <span class='ocrx_word' id='word_1_303' title='bbox 1278 2428 1326 2484; x_wconf 87' lang='lat' dir='ltr'>lioc</span> 
     </span>
     <span class='ocr_line' id='line_1_31' title="bbox 95 2495 1323 2579; baseline 0.002 -27"><span class='ocrx_word' id='word_1_304' title='bbox 95 2495 133 2553; x_wconf 93' lang='lat' dir='ltr'>de</span> <span class='ocrx_word' id='word_1_305' title='bbox 146 2511 232 2554; x_wconf 90' lang='lat' dir='ltr'>manu</span> <span class='ocrx_word' id='word_1_306' title='bbox 246 2498 356 2569; x_wconf 84' lang='lat' dir='ltr'>praelati</span> <span class='ocrx_word' id='word_1_307' title='bbox 372 2498 427 2555; x_wconf 90' lang='lat' dir='ltr'>sui.</span> <span class='ocrx_word' id='word_1_308' title='bbox 446 2496 571 2579; x_wconf 89' lang='lat' dir='ltr'>Sumpsit</span> <span class='ocrx_word' id='word_1_309' title='bbox 597 2499 684 2554; x_wconf 89' lang='lat' dir='ltr'>etiam</span> <span class='ocrx_word' id='word_1_310' title='bbox 739 2502 915 2558; x_wconf 89' lang='lat' dir='ltr'>demonstrat</span> <span class='ocrx_word' id='word_1_311' title='bbox 933 2502 1041 2572; x_wconf 87' lang='lat' dir='ltr'>Corpus</span> <span class='ocrx_word' id='word_1_312' title='bbox 1062 2500 1176 2569; x_wconf 83' lang='lat' dir='ltr'>Christi,</span> <span class='ocrx_word' id='word_1_313' title='bbox 1194 2515 1250 2555; x_wconf 91' lang='lat' dir='ltr'>nou</span> <span class='ocrx_word' id='word_1_314' title='bbox 1271 2514 1323 2570; x_wconf 91' lang='lat' dir='ltr'>pro</span> 
     </span>
     <span class='ocr_line' id='line_1_32' title="bbox 95 2566 1325 2645; baseline 0.003 -22"><span class='ocrx_word' id='word_1_315' title='bbox 95 2566 156 2640; x_wconf 92' lang='lat' dir='ltr'>ipse</span> <span class='ocrx_word' id='word_1_316' title='bbox 173 2576 384 2627; x_wconf 89' lang='lat' dir='ltr'>sacramentum</span> <span class='ocrx_word' id='word_1_317' title='bbox 408 2570 541 2640; x_wconf 78' lang='lat' dir='ltr'>Corporis</span> <span class='ocrx_word' id='word_1_318' title='bbox 561 2575 590 2626; x_wconf 94' lang='lat' dir='ltr'>et</span> <span class='ocrx_word' id='word_1_319' title='bbox 611 2571 682 2626; x_wconf 91' lang='lat' dir='ltr'>San·</span> <span class='ocrx_word' id='word_1_320' title='bbox 737 2577 865 2645; x_wconf 88' lang='lat' dir='ltr'>tcmpore</span> <span class='ocrx_word' id='word_1_321' title='bbox 880 2587 931 2643; x_wconf 90' lang='lat' dir='ltr'>pro</span> <span class='ocrx_word' id='word_1_322' title='bbox 947 2586 1002 2643; x_wconf 86' lang='lat' dir='ltr'>quo</span> <span class='ocrx_word' id='word_1_323' title='bbox 1015 2571 1170 2644; x_wconf 79' lang='lat' dir='ltr'>profertur,</span> <span class='ocrx_word' id='word_1_324' title='bbox 1185 2571 1235 2627; x_wconf 91' lang='lat' dir='ltr'>sed</span> <span class='ocrx_word' id='word_1_325' title='bbox 1250 2584 1325 2627; x_wconf 91' lang='lat' dir='ltr'>coni·</span> 
     </span>
     <span class='ocr_line' id='line_1_33' title="bbox 95 2638 1325 2717; baseline 0.003 -21"><span class='ocrx_word' id='word_1_326' title='bbox 95 2638 191 2712; x_wconf 74' lang='lat' dir='ltr'>guinis</span> <span class='ocrx_word' id='word_1_327' title='bbox 212 2640 266 2711; x_wconf 90' lang='lat' dir='ltr'>sui,</span> <span class='ocrx_word' id='word_1_328' title='bbox 289 2657 346 2697; x_wconf 93' lang='lat' dir='ltr'>non</span> <span class='ocrx_word' id='word_1_329' title='bbox 362 2645 478 2713; x_wconf 90' lang='lat' dir='ltr'>propter</span> <span class='ocrx_word' id='word_1_330' title='bbox 497 2640 540 2697; x_wconf 91' lang='lat' dir='ltr'>sui</span> <span class='ocrx_word' id='word_1_331' title='bbox 557 2640 683 2708; x_wconf 64' lang='lat' dir='ltr'>indiacu-</span> <span class='ocrx_word' id='word_1_332' title='bbox 738 2646 814 2717; x_wconf 84' lang='lat' dir='ltr'>plata</span> <span class='ocrx_word' id='word_1_333' title='bbox 836 2646 976 2713; x_wconf 87' lang='lat' dir='ltr'>oratione,</span> <span class='ocrx_word' id='word_1_334' title='bbox 993 2648 1026 2699; x_wconf 88' lang='lat' dir='ltr'>ut</span> <span class='ocrx_word' id='word_1_335' title='bbox 1045 2658 1109 2700; x_wconf 90' lang='lat' dir='ltr'>cuin</span> <span class='ocrx_word' id='word_1_336' title='bbox 1133 2642 1238 2699; x_wconf 91' lang='lat' dir='ltr'>dieitur</span> <span class='ocrx_word' id='word_1_337' title='bbox 1252 2658 1259 2698; x_wconf 91' lang='lat'>:</span> <span class='ocrx_word' id='word_1_338' title='bbox 1275 2643 1325 2700; x_wconf 88' lang='lat' dir='ltr'>hoc</span> 
     </span>
     <span class='ocr_line' id='line_1_34' title="bbox 95 2711 1325 2785; baseline 0.003 -17"><span class='ocrx_word' id='word_1_339' title='bbox 95 2711 185 2782; x_wconf 89' lang='lat' dir='ltr'>tiam,</span> <span class='ocrx_word' id='word_1_340' title='bbox 209 2716 239 2769; x_wconf 88' lang='lat' dir='ltr'>et</span> <span class='ocrx_word' id='word_1_341' title='bbox 261 2717 291 2770; x_wconf 93' lang='lat' dir='ltr'>ut</span> <span class='ocrx_word' id='word_1_342' title='bbox 314 2712 438 2785; x_wconf 83' lang='lat' dir='ltr'>aliquem</span> <span class='ocrx_word' id='word_1_343' title='bbox 465 2727 482 2769; x_wconf 89' lang='lat' dir='ltr'>a</span> <span class='ocrx_word' id='word_1_344' title='bbox 505 2717 682 2770; x_wconf 87' lang='lat' dir='ltr'>sacramento</span> <span class='ocrx_word' id='word_1_345' title='bbox 738 2720 782 2773; x_wconf 86' lang='lat' dir='ltr'>est</span> <span class='ocrx_word' id='word_1_346' title='bbox 808 2716 914 2773; x_wconf 90' lang='lat' dir='ltr'>bonum</span> <span class='ocrx_word' id='word_1_347' title='bbox 931 2715 1061 2785; x_wconf 85' lang='lat' dir='ltr'>verbum,</span> <span class='ocrx_word' id='word_1_348' title='bbox 1077 2715 1166 2771; x_wconf 89' lang='lat' dir='ltr'>Deum</span> <span class='ocrx_word' id='word_1_349' title='bbox 1191 2715 1270 2771; x_wconf 89' lang='lat' dir='ltr'>time.</span> <span class='ocrx_word' id='word_1_350' title='bbox 1288 2717 1325 2772; x_wconf 81' lang='lat' dir='ltr'>Et</span> 
     </span>
     <span class='ocr_line' id='line_1_35' title="bbox 97 2784 1322 2911; baseline 0.002 -71"><span class='ocrx_word' id='word_1_351' title='bbox 97 2791 322 2911; x_wconf 40' lang='lat' dir='ltr'>consequeretur</span> <span class='ocrx_word' id='word_1_352' title='bbox 349 2786 495 2866; x_wconf 75' lang='lat' dir='ltr'>effectum,</span> <span class='ocrx_word' id='word_1_353' title='bbox 518 2785 567 2841; x_wconf 91' lang='lat' dir='ltr'>sed</span> <span class='ocrx_word' id='word_1_354' title='bbox 590 2784 684 2857; x_wconf 83' lang='lat' dir='ltr'>gratia</span> <span class='ocrx_word' id='word_1_355' title='bbox 737 2794 805 2845; x_wconf 89' lang='lat' dir='ltr'>tunc</span> <span class='ocrx_word' id='word_1_356' title='bbox 834 2790 930 2857; x_wconf 70' lang='lat' dir='ltr'>(repit,</span> <span class='ocrx_word' id='word_1_357' title='bbox 958 2792 1000 2855; x_wconf 90' lang='lat' dir='ltr'>ut,</span> <span class='ocrx_word' id='word_1_358' title='bbox 1027 2787 1185 2844; x_wconf 90' lang='lat' dir='ltr'>secundum</span> <span class='ocrx_word' id='word_1_359' title='bbox 1209 2786 1322 2857; x_wconf 75' lang='lat' dir='ltr'>Beatum,</span> 
     </span>
     <span class='ocr_line' id='line_1_36' title="bbox 96 2856 1323 2931; baseline 0.002 -19"><span class='ocrx_word' id='word_1_360' title='bbox 96 2870 197 2928; x_wconf 86' lang='lat' dir='ltr'>exemp</span> <span class='ocrx_word' id='word_1_361' title='bbox 210 2873 230 2925; x_wconf 94' lang='lat' dir='ltr'>i,</span> <span class='ocrx_word' id='word_1_362' title='bbox 246 2856 352 2912; x_wconf 88' lang='lat' dir='ltr'>scilicet</span> <span class='ocrx_word' id='word_1_363' title='bbox 371 2861 402 2913; x_wconf 92' lang='lat' dir='ltr'>ut</span> <span class='ocrx_word' id='word_1_364' title='bbox 423 2856 488 2913; x_wconf 90' lang='lat' dir='ltr'>aliis</span> <span class='ocrx_word' id='word_1_365' title='bbox 504 2857 585 2913; x_wconf 90' lang='lat' dir='ltr'>daret</span> <span class='ocrx_word' id='word_1_366' title='bbox 601 2873 682 2914; x_wconf 90' lang='lat' dir='ltr'>mau-</span> <span class='ocrx_word' id='word_1_367' title='bbox 738 2859 901 2917; x_wconf 81' lang='lat' dir='ltr'>ostenderet</span> <span class='ocrx_word' id='word_1_368' title='bbox 924 2858 1057 2929; x_wconf 88' lang='lat' dir='ltr'>Corporis</span> <span class='ocrx_word' id='word_1_369' title='bbox 1077 2861 1120 2917; x_wconf 90' lang='lat' dir='ltr'>sui</span> <span class='ocrx_word' id='word_1_370' title='bbox 1141 2858 1323 2931; x_wconf 78' lang='lat' dir='ltr'>fractionem,</span> 
     </span>
     <span class='ocr_line' id='line_1_37' title="bbox 96 2926 1326 3000; baseline 0.004 -17"><span class='ocrx_word' id='word_1_371' title='bbox 96 2926 219 2984; x_wconf 83' lang='lat' dir='ltr'>ducendi</span> <span class='ocrx_word' id='word_1_372' title='bbox 245 2928 414 3000; x_wconf 83' lang='lat' dir='ltr'>exemplum.</span> <span class='ocrx_word' id='word_1_373' title='bbox 436 2928 560 3000; x_wconf 87' lang='lat' dir='ltr'>Sumpsit</span> <span class='ocrx_word' id='word_1_374' title='bbox 587 2934 683 2986; x_wconf 90' lang='lat' dir='ltr'>autem</span> <span class='ocrx_word' id='word_1_375' title='bbox 738 2932 768 2988; x_wconf 95' lang='lat' dir='ltr'>id</span> <span class='ocrx_word' id='word_1_376' title='bbox 806 2938 849 2988; x_wconf 90' lang='lat' dir='ltr'>est</span> <span class='ocrx_word' id='word_1_377' title='bbox 875 2930 1060 2995; x_wconf 88' lang='lat' dir='ltr'>Passionem,</span> <span class='ocrx_word' id='word_1_378' title='bbox 1093 2948 1150 2988; x_wconf 92' lang='lat' dir='ltr'>non</span> <span class='ocrx_word' id='word_1_379' title='bbox 1182 2930 1243 2988; x_wconf 92' lang='lat' dir='ltr'>sine</span> <span class='ocrx_word' id='word_1_380' title='bbox 1273 2946 1326 2988; x_wconf 87' lang='lat' dir='ltr'>sua</span> 
     </span>
     <span class='ocr_line' id='line_1_38' title="bbox 96 2997 1325 3076; baseline 0.004 -22"><span class='ocrx_word' id='word_1_381' title='bbox 96 2997 181 3055; x_wconf 90' lang='lat' dir='ltr'>modo</span> <span class='ocrx_word' id='word_1_382' title='bbox 195 2999 263 3056; x_wconf 93' lang='lat' dir='ltr'>illud</span> <span class='ocrx_word' id='word_1_383' title='bbox 276 3000 476 3057; x_wconf 82' lang='lat' dir='ltr'>sacramentali</span> <span class='ocrx_word' id='word_1_384' title='bbox 493 3006 613 3071; x_wconf 89' lang='lat' dir='ltr'>tantum,</span> <span class='ocrx_word' id='word_1_385' title='bbox 625 3016 683 3058; x_wconf 90' lang='lat' dir='ltr'>uon</span> <span class='ocrx_word' id='word_1_386' title='bbox 738 3009 840 3076; x_wconf 88' lang='lat' dir='ltr'>sponte</span> <span class='ocrx_word' id='word_1_387' title='bbox 856 3007 885 3060; x_wconf 91' lang='lat' dir='ltr'>et</span> <span class='ocrx_word' id='word_1_388' title='bbox 907 3019 992 3073; x_wconf 92' lang='lat' dir='ltr'>opere</span> <span class='ocrx_word' id='word_1_389' title='bbox 1008 3003 1141 3060; x_wconf 87' lang='lat' dir='ltr'>suturam.</span> <span class='ocrx_word' id='word_1_390' title='bbox 1158 3001 1325 3074; x_wconf 79' lang='lat' dir='ltr'>Frangimus</span> 
     </span>
     <span class='ocr_line' id='line_1_39' title="bbox 96 3069 1324 3147; baseline 0.004 -21"><span class='ocrx_word' id='word_1_391' title='bbox 96 3069 248 3142; x_wconf 87' lang='lat' dir='ltr'>spirituali.</span> <span class='ocrx_word' id='word_1_392' title='bbox 266 3071 320 3128; x_wconf 89' lang='lat' dir='ltr'>Per</span> <span class='ocrx_word' id='word_1_393' title='bbox 334 3073 388 3128; x_wconf 90' lang='lat' dir='ltr'>hoc</span> <span class='ocrx_word' id='word_1_394' title='bbox 402 3077 498 3129; x_wconf 89' lang='lat' dir='ltr'>autem</span> <span class='ocrx_word' id='word_1_395' title='bbox 514 3074 590 3144; x_wconf 89' lang='lat' dir='ltr'>quod</span> <span class='ocrx_word' id='word_1_396' title='bbox 605 3072 684 3132; x_wconf 90' lang='lat' dir='ltr'>Chri·</span> <span class='ocrx_word' id='word_1_397' title='bbox 738 3082 767 3134; x_wconf 90' lang='lat' dir='ltr'>et</span> <span class='ocrx_word' id='word_1_398' title='bbox 787 3092 850 3139; x_wconf 89' lang='lat' dir='ltr'>nos,</span> <span class='ocrx_word' id='word_1_399' title='bbox 867 3076 896 3131; x_wconf 92' lang='lat' dir='ltr'>iii</span> <span class='ocrx_word' id='word_1_400' title='bbox 918 3074 1031 3147; x_wconf 82' lang='lat' dir='ltr'>signum</span> <span class='ocrx_word' id='word_1_401' title='bbox 1050 3075 1117 3147; x_wconf 87' lang='lat' dir='ltr'>quia</span> <span class='ocrx_word' id='word_1_402' title='bbox 1132 3074 1257 3147; x_wconf 82' lang='lat' dir='ltr'>lrcgerit.</span> <span class='ocrx_word' id='word_1_403' title='bbox 1272 3073 1324 3131; x_wconf 92' lang='lat' dir='ltr'>sed</span> 
     </span>
     <span class='ocr_line' id='line_1_40' title="bbox 95 3142 1323 3220; baseline 0.004 -21"><span class='ocrx_word' id='word_1_404' title='bbox 95 3147 159 3199; x_wconf 87' lang='lat' dir='ltr'>stus</span> <span class='ocrx_word' id='word_1_405' title='bbox 186 3142 270 3201; x_wconf 88' lang='lat' dir='ltr'>morti</span> <span class='ocrx_word' id='word_1_406' title='bbox 300 3142 486 3216; x_wconf 87' lang='lat' dir='ltr'>propinquus,</span> <span class='ocrx_word' id='word_1_407' title='bbox 507 3160 565 3201; x_wconf 92' lang='lat' dir='ltr'>non</span> <span class='ocrx_word' id='word_1_408' title='bbox 591 3145 683 3202; x_wconf 86' lang='lat' dir='ltr'>solum</span> <span class='ocrx_word' id='word_1_409' title='bbox 737 3146 921 3205; x_wconf 90' lang='lat' dir='ltr'>nihilominus</span> <span class='ocrx_word' id='word_1_410' title='bbox 932 3147 1042 3219; x_wconf 82' lang='lat' dir='ltr'>integer</span> <span class='ocrx_word' id='word_1_411' title='bbox 1052 3152 1116 3220; x_wconf 92' lang='lat' dir='ltr'>post</span> <span class='ocrx_word' id='word_1_412' title='bbox 1127 3153 1233 3203; x_wconf 88' lang='lat' dir='ltr'>manet.</span> <span class='ocrx_word' id='word_1_413' title='bbox 1246 3147 1323 3204; x_wconf 88' lang='lat' dir='ltr'>Pane</span> 
     </span>
     <span class='ocr_line' id='line_1_41' title="bbox 95 3215 1326 3291; baseline 0.005 -21"><span class='ocrx_word' id='word_1_414' title='bbox 95 3229 202 3285; x_wconf 83' lang='lat' dir='ltr'>agnum</span> <span class='ocrx_word' id='word_1_415' title='bbox 229 3216 364 3287; x_wconf 84' lang='lat' dir='ltr'>typicum,</span> <span class='ocrx_word' id='word_1_416' title='bbox 382 3216 433 3272; x_wconf 90' lang='lat' dir='ltr'>sed</span> <span class='ocrx_word' id='word_1_417' title='bbox 460 3215 546 3273; x_wconf 89' lang='lat' dir='ltr'>etiam</span> <span class='ocrx_word' id='word_1_418' title='bbox 576 3218 683 3289; x_wconf 88' lang='lat' dir='ltr'>Corpus</span> <span class='ocrx_word' id='word_1_419' title='bbox 737 3221 815 3277; x_wconf 91' lang='lat' dir='ltr'>enim</span> <span class='ocrx_word' id='word_1_420' title='bbox 830 3221 857 3274; x_wconf 92' lang='lat' dir='ltr'>iii</span> <span class='ocrx_word' id='word_1_421' title='bbox 872 3220 978 3291; x_wconf 89' lang='lat' dir='ltr'>Corpus</span> <span class='ocrx_word' id='word_1_422' title='bbox 993 3221 1095 3278; x_wconf 79' lang='lat' dir='ltr'>Christi</span> <span class='ocrx_word' id='word_1_423' title='bbox 1111 3219 1326 3276; x_wconf 85' lang='lat' dir='ltr'>transsubstan-</span> 
     </span>
     <span class='ocr_line' id='line_1_42' title="bbox 94 3287 1324 3373; baseline 0.003 -30"><span class='ocrx_word' id='word_1_424' title='bbox 94 3301 178 3343; x_wconf 86' lang='lat' dir='ltr'>suum</span> <span class='ocrx_word' id='word_1_425' title='bbox 206 3302 304 3344; x_wconf 84' lang='lat' dir='ltr'>rerum</span> <span class='ocrx_word' id='word_1_426' title='bbox 335 3287 589 3351; x_wconf 80' lang='lat' dir='ltr'>sacramentaliter.</span> <span class='ocrx_word' id='word_1_427' title='bbox 618 3305 682 3346; x_wconf 87' lang='lat' dir='ltr'>rum</span> <span class='ocrx_word' id='word_1_428' title='bbox 738 3293 788 3360; x_wconf 90' lang='lat' dir='ltr'>tio‚</span> <span class='ocrx_word' id='word_1_429' title='bbox 804 3291 897 3363; x_wconf 76' lang='lat' dir='ltr'>frangi</span> <span class='ocrx_word' id='word_1_430' title='bbox 912 3291 1108 3349; x_wconf 90' lang='lat' dir='ltr'>dicitur:non</span> <span class='ocrx_word' id='word_1_431' title='bbox 1125 3290 1201 3363; x_wconf 65' lang='lat' dir='ltr'>quiid</span> <span class='ocrx_word' id='word_1_432' title='bbox 1214 3292 1324 3373; x_wconf 81' lang='lat' dir='ltr'>Corpus</span> 
     </span>
     <span class='ocr_line' id='line_1_43' title="bbox 94 3357 1325 3435; baseline 0.004 -21"><span class='ocrx_word' id='word_1_433' title='bbox 94 3357 239 3429; x_wconf 81' lang='lat' dir='ltr'>Apostoiis</span> <span class='ocrx_word' id='word_1_434' title='bbox 253 3359 682 3426; x_wconf 88' lang='lat' dir='ltr'>suismanducavit‚ostonditur</span> <span class='ocrx_word' id='word_1_435' title='bbox 737 3361 852 3431; x_wconf 89' lang='lat' dir='ltr'>Christi,</span> <span class='ocrx_word' id='word_1_436' title='bbox 871 3363 946 3434; x_wconf 85' lang='lat' dir='ltr'>quod</span> <span class='ocrx_word' id='word_1_437' title='bbox 960 3363 1101 3435; x_wconf 81' lang='lat' dir='ltr'>integrum</span> <span class='ocrx_word' id='word_1_438' title='bbox 1124 3364 1177 3421; x_wconf 89' lang='lat' dir='ltr'>suh</span> <span class='ocrx_word' id='word_1_439' title='bbox 1217 3363 1325 3421; x_wconf 91' lang='lat' dir='ltr'>ualihet</span> 
     </span>
     <span class='ocr_line' id='line_1_44' title="bbox 96 3379 1324 3513; baseline 0.006 -28"><span class='ocrx_word' id='word_1_440' title='bbox 96 3429 180 3511; x_wconf 42' lang='lat' dir='ltr'>quod·</span> <span class='ocrx_word' id='word_1_441' title='bbox 201 3429 319 3512; x_wconf 76' lang='lat' dir='ltr'>quilibet</span> <span class='ocrx_word' id='word_1_442' title='bbox 345 3430 682 3513; x_wconf 39' lang='lat' dir='ltr'>Christianus‚·periculo</span> <span class='ocrx_word' id='word_1_443' title='bbox 739 3440 819 3507; x_wconf 90' lang='lat' dir='ltr'>parte</span> <span class='ocrx_word' id='word_1_444' title='bbox 845 3441 950 3507; x_wconf 88' lang='lat' dir='ltr'>manet,</span> <span class='ocrx_word' id='word_1_445' title='bbox 979 3438 1142 3509; x_wconf 83' lang='lat' dir='ltr'>lrangatur;</span> <span class='ocrx_word' id='word_1_446' title='bbox 1171 3379 1222 3492; x_wconf 46' lang='lat' dir='ltr'>sei</span> <span class='ocrx_word' id='word_1_447' title='bbox 1250 3433 1324 3492; x_wconf 89' lang='lat' dir='ltr'>acci-</span> 
     </span>
     <span class='ocr_line' id='line_1_45' title="bbox 96 3502 1324 3589; baseline 0.007 -33"><span class='ocrx_word' id='word_1_448' title='bbox 96 3506 197 3557; x_wconf 90' lang='lat' dir='ltr'>mortis</span> <span class='ocrx_word' id='word_1_449' title='bbox 227 3507 404 3584; x_wconf 84' lang='lat' dir='ltr'>imminente,</span> <span class='ocrx_word' id='word_1_450' title='bbox 419 3502 514 3584; x_wconf 76' lang='lat' dir='ltr'>dehet,</span> <span class='ocrx_word' id='word_1_451' title='bbox 527 3520 550 3559; x_wconf 88' lang='lat' dir='ltr'>si</span> <span class='ocrx_word' id='word_1_452' title='bbox 578 3510 681 3589; x_wconf 75' lang='lat' dir='ltr'>potest²</span> <span class='ocrx_word' id='word_1_453' title='bbox 738 3506 845 3576; x_wconf 90' lang='lat' dir='ltr'>dontiu,</span> <span class='ocrx_word' id='word_1_454' title='bbox 872 3509 924 3565; x_wconf 88' lang='lat' dir='ltr'>suh</span> <span class='ocrx_word' id='word_1_455' title='bbox 952 3511 1056 3582; x_wconf 89' lang='lat' dir='ltr'>quihus</span> <span class='ocrx_word' id='word_1_456' title='bbox 1084 3510 1192 3581; x_wconf 88' lang='lat' dir='ltr'>Corpus</span> <span class='ocrx_word' id='word_1_457' title='bbox 1217 3512 1324 3571; x_wconf 88' lang='lat' dir='ltr'>manet,</span> 
     </span>
     <span class='ocr_line' id='line_1_46' title="bbox 96 3576 1325 3651; baseline 0.006 -24"><span class='ocrx_word' id='word_1_458' title='bbox 96 3576 343 3630; x_wconf 83' lang='lat' dir='ltr'>sacramentaliter</span> <span class='ocrx_word' id='word_1_459' title='bbox 370 3590 592 3645; x_wconf 86' lang='lat' dir='ltr'>communicare,</span> <span class='ocrx_word' id='word_1_460' title='bbox 607 3583 635 3633; x_wconf 89' lang='lat' dir='ltr'>ot</span> <span class='ocrx_word' id='word_1_461' title='bbox 659 3593 682 3634; x_wconf 82' lang='lat' dir='ltr'>ei</span> <span class='ocrx_word' id='word_1_462' title='bbox 738 3582 918 3651; x_wconf 84' lang='lat' dir='ltr'>franguntur.</span> <span class='ocrx_word' id='word_1_463' title='bbox 932 3583 1020 3639; x_wconf 91' lang='lat' dir='ltr'>Debet</span> <span class='ocrx_word' id='word_1_464' title='bbox 1035 3589 1132 3639; x_wconf 90' lang='lat' dir='ltr'>autem</span> <span class='ocrx_word' id='word_1_465' title='bbox 1147 3579 1246 3636; x_wconf 78' lang='lat' dir='ltr'>fractio</span> <span class='ocrx_word' id='word_1_466' title='bbox 1262 3577 1325 3637; x_wconf 88' lang='lat' dir='ltr'>lieri</span> 
     </span>
     <span class='ocr_line' id='line_1_47' title="bbox 97 3647 1323 3733; baseline 0.006 -34"><span class='ocrx_word' id='word_1_467' title='bbox 97 3658 155 3699; x_wconf 90' lang='lat' dir='ltr'>nou</span> <span class='ocrx_word' id='word_1_468' title='bbox 178 3652 283 3727; x_wconf 74' lang='lat' dir='ltr'>potest,</span> <span class='ocrx_word' id='word_1_469' title='bbox 295 3647 483 3702; x_wconf 88' lang='lat' dir='ltr'>communicet</span> <span class='ocrx_word' id='word_1_470' title='bbox 499 3647 600 3705; x_wconf 87' lang='lat' dir='ltr'>sallom</span> <span class='ocrx_word' id='word_1_471' title='bbox 614 3648 681 3719; x_wconf 88' lang='lat' dir='ltr'>lide,</span> <span class='ocrx_word' id='word_1_472' title='bbox 737 3651 949 3723; x_wconf 84' lang='lat' dir='ltr'>intrespartes,</span> <span class='ocrx_word' id='word_1_473' title='bbox 962 3653 1113 3733; x_wconf 73' lang='lat' dir='ltr'>insignum</span> <span class='ocrx_word' id='word_1_474' title='bbox 1129 3654 1204 3724; x_wconf 84' lang='lat' dir='ltr'>quod</span> <span class='ocrx_word' id='word_1_475' title='bbox 1217 3653 1323 3707; x_wconf 82' lang='lat' dir='ltr'>fractus</span> 
     </span>
     <span class='ocr_line' id='line_1_48' title="bbox 97 3716 1321 3799; baseline 0.006 -28"><span class='ocrx_word' id='word_1_476' title='bbox 97 3716 254 3773; x_wconf 89' lang='lat' dir='ltr'>secundum</span> <span class='ocrx_word' id='word_1_477' title='bbox 278 3716 346 3773; x_wconf 87' lang='lat' dir='ltr'>illud</span> <span class='ocrx_word' id='word_1_478' title='bbox 364 3719 483 3799; x_wconf 82' lang='lat' dir='ltr'>verbum</span> <span class='ocrx_word' id='word_1_479' title='bbox 503 3720 681 3790; x_wconf 79' lang='lat' dir='ltr'>Aupurttui&#39;:</span> <span class='ocrx_word' id='word_1_480' title='bbox 737 3728 780 3779; x_wconf 89' lang='lat' dir='ltr'>est</span> <span class='ocrx_word' id='word_1_481' title='bbox 799 3722 948 3793; x_wconf 82' lang='lat' dir='ltr'>tripliciter</span> <span class='ocrx_word' id='word_1_482' title='bbox 967 3724 1106 3783; x_wconf 85' lang='lat' dir='ltr'>Christus.</span> <span class='ocrx_word' id='word_1_483' title='bbox 1121 3722 1249 3780; x_wconf 83' lang='lat' dir='ltr'>scilicet:</span> <span class='ocrx_word' id='word_1_484' title='bbox 1269 3723 1321 3778; x_wconf 87' lang='lat' dir='ltr'>lia·</span> 
     </span>
     <span class='ocr_line' id='line_1_49' title="bbox 98 3787 1320 3866; baseline 0.009 -27"><span class='ocrx_word' id='word_1_485' title='bbox 98 3806 113 3840; x_wconf 84' lang='lat' dir='ltr'>a</span> <span class='ocrx_word' id='word_1_486' title='bbox 129 3787 230 3855; x_wconf 92' lang='lat' dir='ltr'>Crede,</span> <span class='ocrx_word' id='word_1_487' title='bbox 250 3792 278 3845; x_wconf 85' lang='lat' dir='ltr'>et</span> <span class='ocrx_word' id='word_1_488' title='bbox 293 3789 480 3846; x_wconf 86' lang='lat' dir='ltr'>manducasti.</span> <span class='ocrx_word' id='word_1_489' title='bbox 499 3808 513 3842; x_wconf 86' lang='lat' dir='ltr'>i&gt;</span> <span class='ocrx_word' id='word_1_490' title='bbox 736 3794 818 3866; x_wconf 79' lang='lat' dir='ltr'>gellis</span> <span class='ocrx_word' id='word_1_491' title='bbox 833 3798 898 3849; x_wconf 91' lang='lat' dir='ltr'>aute</span> <span class='ocrx_word' id='word_1_492' title='bbox 915 3794 1088 3864; x_wconf 70' lang='lat' dir='ltr'>Passionem,</span> <span class='ocrx_word' id='word_1_493' title='bbox 1102 3792 1189 3850; x_wconf 86' lang='lat' dir='ltr'>clavis</span> <span class='ocrx_word' id='word_1_494' title='bbox 1209 3793 1237 3850; x_wconf 92' lang='lat' dir='ltr'>in</span> <span class='ocrx_word' id='word_1_495' title='bbox 1252 3795 1320 3850; x_wconf 89' lang='lat' dir='ltr'>Pas-</span> 
     </span>
    </p>

    <p class='ocr_par' dir='ltr' id='par_1_3' title="bbox 94 3859 1324 4371">
     <span class='ocr_line' id='line_1_50' title="bbox 132 3859 1324 3939; baseline 0.006 -24"><span class='ocrx_word' id='word_1_496' title='bbox 132 3859 406 3919; x_wconf 75' lang='lat' dir='ltr'>idairiiauuierio</span> <span class='ocrx_word' id='word_1_497' title='bbox 418 3878 549 3924; x_wconf 82' lang='lat' dir='ltr'>riuisouc</span> <span class='ocrx_word' id='word_1_498' title='bbox 560 3880 680 3920; x_wconf 74' lang='lat' dir='ltr'>earcuo.</span> <span class='ocrx_word' id='word_1_499' title='bbox 737 3865 828 3933; x_wconf 90' lang='lat' dir='ltr'>sione,</span> <span class='ocrx_word' id='word_1_500' title='bbox 844 3866 944 3923; x_wconf 84' lang='lat' dir='ltr'>lancea</span> <span class='ocrx_word' id='word_1_501' title='bbox 966 3871 1029 3939; x_wconf 83' lang='lat' dir='ltr'>post</span> <span class='ocrx_word' id='word_1_502' title='bbox 1049 3868 1230 3937; x_wconf 66' lang='lat' dir='ltr'>Passionem</span> <span class='ocrx_word' id='word_1_503' title='bbox 1243 3864 1324 3936; x_wconf 90' lang='lat' dir='ltr'>item,</span> 
     </span>
     <span class='ocr_line' id='line_1_51' title="bbox 96 3932 1320 4015; baseline 0.007 -28"><span class='ocrx_word' id='word_1_504' title='bbox 96 3932 265 3989; x_wconf 81' lang='lat' dir='ltr'>-httende</span> <span class='ocrx_word' id='word_1_505' title='bbox 291 3934 377 3990; x_wconf 87' lang='lat' dir='ltr'>etiam</span> <span class='ocrx_word' id='word_1_506' title='bbox 400 3935 573 4015; x_wconf 78' lang='lat' dir='ltr'>sacramenti</span> <span class='ocrx_word' id='word_1_507' title='bbox 593 3933 684 4005; x_wconf 83' lang='lat' dir='ltr'>digni·</span> <span class='ocrx_word' id='word_1_508' title='bbox 736 3944 852 4009; x_wconf 89' lang='lat' dir='ltr'>propter</span> <span class='ocrx_word' id='word_1_509' title='bbox 875 3943 933 3995; x_wconf 83' lang='lat' dir='ltr'>tres</span> <span class='ocrx_word' id='word_1_510' title='bbox 956 3945 1051 4011; x_wconf 87' lang='lat' dir='ltr'>partes</span> <span class='ocrx_word' id='word_1_511' title='bbox 1080 3937 1234 3995; x_wconf 79' lang='lat' dir='ltr'>Ecclesiae:</span> <span class='ocrx_word' id='word_1_512' title='bbox 1253 3952 1320 3995; x_wconf 89' lang='lat' dir='ltr'>naui</span> 
     </span>
     <span class='ocr_line' id='line_1_52' title="bbox 96 4005 1322 4086; baseline 0.007 -28"><span class='ocrx_word' id='word_1_513' title='bbox 96 4005 200 4086; x_wconf 66' lang='lat' dir='ltr'>tatem,</span> <span class='ocrx_word' id='word_1_514' title='bbox 216 4010 244 4060; x_wconf 88' lang='lat' dir='ltr'>et</span> <span class='ocrx_word' id='word_1_515' title='bbox 269 4009 470 4086; x_wconf 79' lang='lat' dir='ltr'>reverentiam,</span> <span class='ocrx_word' id='word_1_516' title='bbox 490 4009 519 4061; x_wconf 90' lang='lat' dir='ltr'>et</span> <span class='ocrx_word' id='word_1_517' title='bbox 551 4005 682 4064; x_wconf 90' lang='lat' dir='ltr'>ordinem</span> <span class='ocrx_word' id='word_1_518' title='bbox 737 4008 830 4079; x_wconf 87' lang='lat' dir='ltr'>prima</span> <span class='ocrx_word' id='word_1_519' title='bbox 845 4026 909 4081; x_wconf 85' lang='lat' dir='ltr'>pars</span> <span class='ocrx_word' id='word_1_520' title='bbox 931 4016 1011 4067; x_wconf 87' lang='lat' dir='ltr'>uolat</span> <span class='ocrx_word' id='word_1_521' title='bbox 1031 4012 1148 4067; x_wconf 73' lang='lat' dir='ltr'>Sanctoi</span> <span class='ocrx_word' id='word_1_522' title='bbox 1172 4009 1201 4066; x_wconf 90' lang='lat' dir='ltr'>iu</span> <span class='ocrx_word' id='word_1_523' title='bbox 1223 4009 1322 4077; x_wconf 84' lang='lat' dir='ltr'>eoelis;</span> 
     </span>
     <span class='ocr_line' id='line_1_53' title="bbox 95 4078 1321 4153; baseline 0.007 -24"><span class='ocrx_word' id='word_1_524' title='bbox 95 4090 170 4131; x_wconf 88' lang='lat' dir='ltr'>circa</span> <span class='ocrx_word' id='word_1_525' title='bbox 193 4090 296 4148; x_wconf 90' lang='lat' dir='ltr'>ipsum,</span> <span class='ocrx_word' id='word_1_526' title='bbox 312 4092 449 4148; x_wconf 88' lang='lat' dir='ltr'>quoniam</span> <span class='ocrx_word' id='word_1_527' title='bbox 465 4078 557 4151; x_wconf 90' lang='lat' dir='ltr'>primo</span> <span class='ocrx_word' id='word_1_528' title='bbox 574 4080 682 4147; x_wconf 60' lang='lat' dir='ltr'>paritius</span> <span class='ocrx_word' id='word_1_529' title='bbox 737 4081 882 4153; x_wconf 89' lang='lat' dir='ltr'>secunda,</span> <span class='ocrx_word' id='word_1_530' title='bbox 916 4082 1087 4148; x_wconf 84' lang='lat' dir='ltr'>salvandos,</span> <span class='ocrx_word' id='word_1_531' title='bbox 1116 4080 1162 4152; x_wconf 87' lang='lat' dir='ltr'>qni</span> <span class='ocrx_word' id='word_1_532' title='bbox 1194 4086 1261 4137; x_wconf 90' lang='lat' dir='ltr'>sunt</span> <span class='ocrx_word' id='word_1_533' title='bbox 1291 4081 1321 4138; x_wconf 89' lang='lat' dir='ltr'>iii</span> 
     </span>
     <span class='ocr_line' id='line_1_54' title="bbox 94 4147 1323 4281; baseline 0.007 -80"><span class='ocrx_word' id='word_1_534' title='bbox 94 4148 151 4228; x_wconf 72' lang='lat' dir='ltr'>epit</span> <span class='ocrx_word' id='word_1_535' title='bbox 162 4165 171 4202; x_wconf 78' lang='lat' dir='ltr'>a</span> <span class='ocrx_word' id='word_1_536' title='bbox 184 4162 238 4229; x_wconf 84' lang='lat' dir='ltr'>pro</span> <span class='ocrx_word' id='word_1_537' title='bbox 252 4151 332 4205; x_wconf 87' lang='lat' dir='ltr'>tento</span> <span class='ocrx_word' id='word_1_538' title='bbox 347 4147 494 4221; x_wconf 81' lang='lat' dir='ltr'>mysterio,</span> <span class='ocrx_word' id='word_1_539' title='bbox 509 4149 585 4207; x_wconf 87' lang='lat' dir='ltr'>cirea</span> <span class='ocrx_word' id='word_1_540' title='bbox 605 4150 682 4222; x_wconf 87' lang='lat' dir='ltr'>quod</span> <span class='ocrx_word' id='word_1_541' title='bbox 737 4153 842 4281; x_wconf 57' lang='lat' dir='ltr'>gerim</span> <span class='ocrx_word' id='word_1_542' title='bbox 857 4151 1047 4219; x_wconf 86' lang='lat' dir='ltr'>lertialiucta,</span> <span class='ocrx_word' id='word_1_543' title='bbox 1060 4152 1136 4209; x_wconf 84' lang='lat' dir='ltr'>vivos</span> <span class='ocrx_word' id='word_1_544' title='bbox 1147 4169 1217 4224; x_wconf 80' lang='lat' dir='ltr'>quos</span> <span class='ocrx_word' id='word_1_545' title='bbox 1229 4153 1323 4211; x_wconf 91' lang='lat' dir='ltr'>adliuc</span> 
     </span>
     <span class='ocr_line' id='line_1_55' title="bbox 95 4216 1321 4292; baseline 0.005 -19"><span class='ocrx_word' id='word_1_546' title='bbox 95 4216 194 4275; x_wconf 88' lang='lat' dir='ltr'>divina</span> <span class='ocrx_word' id='word_1_547' title='bbox 213 4224 302 4277; x_wconf 81' lang='lat' dir='ltr'>virtus</span> <span class='ocrx_word' id='word_1_548' title='bbox 326 4228 462 4292; x_wconf 89' lang='lat' dir='ltr'>operatur</span> <span class='ocrx_word' id='word_1_549' title='bbox 481 4221 635 4292; x_wconf 88' lang='lat' dir='ltr'>secretius;</span> <span class='ocrx_word' id='word_1_550' title='bbox 653 4225 682 4280; x_wconf 91' lang='lat' dir='ltr'>et</span> <span class='ocrx_word' id='word_1_551' title='bbox 757 4241 798 4281; x_wconf 78' lang='lat' dir='ltr'>aec</span> <span class='ocrx_word' id='word_1_552' title='bbox 819 4226 875 4282; x_wconf 86' lang='lat' dir='ltr'>rita</span> <span class='ocrx_word' id='word_1_553' title='bbox 888 4231 1030 4282; x_wconf 88' lang='lat' dir='ltr'>sustentat</span> <span class='ocrx_word' id='word_1_554' title='bbox 1046 4225 1076 4282; x_wconf 90' lang='lat' dir='ltr'>in</span> <span class='ocrx_word' id='word_1_555' title='bbox 1092 4224 1185 4282; x_wconf 91' lang='lat' dir='ltr'>terris.</span> <span class='ocrx_word' id='word_1_556' title='bbox 1201 4224 1321 4289; x_wconf 79' lang='lat' dir='ltr'>liciado,</span> 
     </span>
     <span class='ocr_line' id='line_1_56' title="bbox 94 4292 1323 4371; baseline 0.011 -24"><span class='ocrx_word' id='word_1_557' title='bbox 94 4304 147 4362; x_wconf 90' lang='lat' dir='ltr'>pro</span> <span class='ocrx_word' id='word_1_558' title='bbox 176 4296 256 4350; x_wconf 87' lang='lat' dir='ltr'>tanto</span> <span class='ocrx_word' id='word_1_559' title='bbox 283 4292 433 4365; x_wconf 82' lang='lat' dir='ltr'>beneficio,</span> <span class='ocrx_word' id='word_1_560' title='bbox 461 4300 492 4351; x_wconf 92' lang='lat' dir='ltr'>ut</span> <span class='ocrx_word' id='word_1_561' title='bbox 517 4294 625 4369; x_wconf 85' lang='lat' dir='ltr'>Corpus</span> <span class='ocrx_word' id='word_1_562' title='bbox 653 4302 682 4352; x_wconf 94' lang='lat' dir='ltr'>et</span> <span class='ocrx_word' id='word_1_563' title='bbox 737 4297 814 4353; x_wconf 84' lang='lat' dir='ltr'>dedit</span> <span class='ocrx_word' id='word_1_564' title='bbox 833 4297 980 4371; x_wconf 82' lang='lat' dir='ltr'>discipulis</span> <span class='ocrx_word' id='word_1_565' title='bbox 994 4299 1064 4367; x_wconf 84' lang='lat' dir='ltr'>suis,</span> <span class='ocrx_word' id='word_1_566' title='bbox 1080 4297 1117 4354; x_wconf 91' lang='lat' dir='ltr'>ad</span> <span class='ocrx_word' id='word_1_567' title='bbox 1133 4312 1226 4371; x_wconf 87' lang='lat' dir='ltr'>usum,</span> <span class='ocrx_word' id='word_1_568' title='bbox 1245 4302 1273 4357; x_wconf 91' lang='lat' dir='ltr'>ut</span> <span class='ocrx_word' id='word_1_569' title='bbox 1286 4296 1323 4360; x_wconf 84' lang='lat' dir='ltr'>ad</span> 
     </span>
    </p>
   </div>
   <div class='ocr_carea' id='block_1_3' title="bbox 0 0 1414 4928">
    <p class='ocr_par' dir='ltr' id='par_1_4' title="bbox 0 0 1414 4928">
     <span class='ocr_line' id='line_1_57' title="bbox 0 0 1414 4928; baseline 0 0"><span class='ocrx_word' id='word_1_570' title='bbox 0 0 1414 4928; x_wconf 95' lang='lat' dir='ltr'> </span> 
     </span>
    </p>
   </div>
  </div>
 </body>
</html>
