2820 4928
87 356 134 407 ott
283 404 286 409 ,
459 349 617 405 seculus
645 349 765 418 Plurls
791 347 896 401 otrus
927 347 960 398 bl

84 463 115 522 in
129 480 211 520 curce
227 459 340 518 bomini
355 465 397 514 est
412 456 479 515 finis
491 455 578 527 Legis
589 461 680 528 atque
704 507 706 520 ,
737 454 766 511 in
781 451 917 512 Passioue
935 452 1047 511 Christi
1076 453 1243 526 adimpleta
1256 456 1322 511 rida-

87 535 252 606 Scriptura,
267 532 296 588 in
314 529 451 590 Passione
474 530 551 601 ejus,
567 543 682 586 summa
704 530 707 611 l
736 542 809 584 mus.
824 524 964 596 benique,
979 524 1005 582 si
1021 524 1060 583 de
1073 524 1224 597 patientia
1237 526 1325 596 agitur.

89 606 183 665 omnis
192 600 424 677 perfectionisiu
435 599 627 682 mortoipsius
638 603 682 657 est
704 618 707 675 ¹,
736 604 798 658 tota
811 596 910 655 Passio
930 596 1219 657 excellentissimam
1240 598 1325 656 Christi

90 672 297 736 consummatio
315 675 407 733 omnis
433 688 584 731 sermonis.
601 672 682 729 Unde
737 670 904 743 patientiam
919 669 1162 728 demonstratsi
1175 670 1325 729 deconten·

91 748 254 822 Apostolus,
264 745 346 804 dirtit:
359 749 421 806 Noa
430 746 615 814 judicabatne
630 746 683 801 oti·
735 748 786 816 ptu
807 739 917 811 mundi,
933 747 962 800 et
984 739 1194 799 abstractione
1217 757 1235 798 a
1257 743 1327 800 rebus

90 816 682 893 quidsetreinteroos.aisilesumdbristum
736 813 930 896 mundialibus
944 812 1110 896 loquimur,
1125 812 1194 884 ouis
1209 830 1327 895 umqtran

89 898 115 949 et
133 895 202 949 brino
224 893 397 960 crucifi-num,
420 905 522 961 nempe
537 887 604 961 quia
628 890 682 945 hoc
736 887 895 960 elongabor
907 890 937 943 et
951 887 1136 943 abstractror
1157 886 1196 942 ab
1210 889 1328 944 omnibus

90 965 174 1031 scire,
183 968 226 1021 est
236 962 334 1021 omnia
348 961 421 1020 scire
434 977 497 1034 quae
510 961 546 1019 ad
560 960 681 1018 salutem
736 956 869 1026 terrenis,
884 973 971 1030 quaro
987 957 1127 1016 Christus
1148 957 1278 1040 inUcruce
1291 974 1329 1015 su·

91 1041 230 1110 spectant.
244 1037 325 1104 Nam,
348 1034 372 1092 si
395 1034 431 1090 de
446 1039 613 1106 paupertate
629 1048 681 1091 vo·
737 1047 788 1104 pra
804 1037 922 1100 terram,
942 1033 971 1086 et
993 1045 1086 1101 super
1104 1046 1211 1087 omnia
1229 1036 1329 1088 terrena

92 1106 218 1166 luntaria
242 1106 346 1190 agitur,
363 1105 427 1178 quis
450 1121 585 1178 umquam
606 1119 681 1176 pau·
737 1102 864 1184 elevatus
879 1101 1122 1185 et'abstractust
1140 1101 1171 1184 §i
1194 1102 1230 1159 de
1247 1101 1328 1184 absti-

93 1183 191 1253 porior
206 1181 318 1237 Christo
330 1179 407 1236 nudo
420 1178 562 1250 pendente
574 1177 602 1234 in
617 1193 678 1233 cru·
736 1181 834 1233 nentia
859 1179 888 1231 et
907 1190 1032 1247 JeJunro,
1051 1190 1107 1230 seu
1125 1179 1224 1230 victus
1247 1174 1329 1231 inedu

93 1269 136 1320 ce,
151 1250 218 1323 quia
232 1268 284 1309 nec
299 1251 423 1309 habebat
436 1249 483 1308 ubi
499 1254 584 1322 rapot
596 1264 680 1306 suum
702 1256 704 1263 '
737 1245 845 1305 montio
862 1247 923 1328 hat,
937 1244 1074 1303 Christus
1090 1244 1168 1302 nibil
1186 1246 1218 1302 in
1232 1246 1328 1328 Passio

93 1323 237 1381 reelinst‘l
254 1323 281 1381 Si
297 1324 331 1381 de
345 1323 507 1380 obedientia
522 1327 551 1378 et
564 1319 679 1379 humili·
735 1336 771 1376 ne
784 1336 836 1375 sua
852 1335 907 1377 nist
923 1317 970 1386 lel,
986 1323 1016 1374 et
1030 1323 1165 1386 acetum,
1183 1317 1229 1375 rel
1244 1334 1328 1375 sanun

93 1400 153 1454 tato
165 1397 319 1466 loquimur,
337 1394 401 1465 quis
416 1410 551 1465 umquam
568 1396 596 1449 in
611 1399 680 1449 tan·
735 1391 907 1448 mirrhatum
930 1389 1069 1461 gustavit.
1091 1388 1122 1447 Si
1152 1389 1193 1447 de
1212 1388 1328 1463 corporis

94 1474 152 1524 turn
166 1483 196 1522 sc
212 1466 369 1524 humiliavit
384 1472 412 1523 et
423 1464 591 1532 exinanivit,
605 1467 705 1541 sicut,
734 1461 920 1534 castigatione
945 1461 1054 1533 agitur,
1087 1463 1176 1533 cujus
1205 1478 1327 1533 umquam

96 1538 704 1610 Christus,quiluctusestobediensusque¹
734 1551 835 1607 corpus
863 1533 894 1591 in
921 1540 1033 1591 tantum
1063 1535 1246 1616 castigatum
1275 1534 1326 1615 luit,

92 1610 130 1664 ad
144 1616 267 1674 mortem,
277 1615 389 1665 mortem
398 1616 489 1665 autem
500 1611 599 1675 erucis,
609 1614 679 1663 tan-
756 1616 871 1664 uantum
886 1622 989 1676 corpus
1005 1607 1124 1665 bomini
1144 1624 1175 1664 ro
1194 1605 1325 1664 cmce‘lSr

93 1685 179 1752 taque
190 1679 257 1737 vilia
267 1685 295 1735 et
305 1696 408 1748 maana
420 1679 575 1750 opprobria
586 1678 678 1736 susti·
734 1626 769 1737 36
781 1676 908 1737 efficacia
918 1676 1059 1734 orationis
1075 1694 1178 1738 sermo
1197 1680 1259 1747 liat,
1273 1677 1326 1749 quis

92 1750 678 1823 nnitpronabis‘lSidecastitatevirgina·
734 1766 870 1824 umquam
901 1747 1047 1807 ellicarios
1078 1749 1199 1808 Christo
1230 1749 1325 1816 orarit,

94 1821 112 1880 li
129 1822 236 1880 mentio
256 1823 317 1890 ilat,
333 1822 395 1893 quis
411 1821 515 1880 castior
529 1839 577 1888 eo,
597 1823 680 1893 cujus
735 1823 783 1896 qui
794 1840 827 1879 es
840 1820 1002 1880 vehementi
1016 1821 1189 1879 attentione
1198 1820 1325 1879 orationis

95 1903 186 1952 mator
198 1895 282 1978 Virgo
293 1901 346 1961 est,
356 1895 437 1967 cujus
449 1897 533 1952 Pater
546 1894 680 1952 seminam
734 1901 831 1968 guttas
844 1892 1177 1976 sanguineas-sudavit?
1189 1893 1218 1951 si
1234 1895 1268 1952 de
1280 1894 1326 1975 ele

96 1966 211 2024 nescit?
230 1970 259 2025 Sr
283 1968 453 2024 decoritate
473 1983 567 2024 sermo
585 1966 679 2036 tuerit,
736 1981 933 2037 emosynarum
958 1967 1125 2036 largitione,
1147 1972 1200 2024 aut
1220 1967 1255 2023 de
1273 1966 1326 2023 alne

95 2039 159 2110 quis
187 2056 320 2112 umquam
350 2041 487 2111 majorem
508 2039 551 2096 rel
572 2045 681 2096 tantam
738 2036 1325 2109 misericordiaeoporibusloquimur,quis

97 2111 246 2170 caritatem
263 2114 371 2180 habuit,
383 2128 468 2182 quam
480 2111 620 2177 Christus,
634 2108 682 2181 qui
739 2126 873 2182 umquam
888 2110 1027 2181 majorem
1042 2108 1262 2183 eleemosynam
1284 2110 1325 2165 dc·

96 2182 126 2238 in
142 2183 279 2240 Passione
294 2200 345 2240 sua
360 2184 454 2255 posuit
464 2183 589 2239 animam
602 2197 682 2239 suam
739 2182 790 2250 dit,
804 2197 891 2253 quam
902 2181 1111 2253 ipseChristus,
1124 2182 1177 2253 qui
1191 2181 1326 2252 proprium

97 2271 148 2326 pro
175 2253 275 2311 ovibus
297 2254 368 2322 suis,
400 2260 510 2311 ettam
538 2255 684 2310 horrenda
739 2256 850 2326 Corpus
865 2252 1143 2320 suumincibum‚ct
1158 2252 1326 2325 Sanguinem

96 2324 234 2397 supplicio
249 2324 307 2396 pati
331 2324 419 2380 voluit
440 2341 491 2396 pro
508 2324 600 2392 nobis,
619 2340 684 2380 cum
739 2342 822 2383 suum
849 2324 877 2382 in
904 2332 1016 2396 potum,
1045 2324 1131 2382 nobis
1164 2326 1327 2398 pauperibus

97 2395 685 2467 tarnenuosliberarepotuissetsolonutu
739 2397 997 2468 ineleemosynam
1029 2404 1202 2478 perpetuam
1236 2395 1326 2464 dedit;

99 2466 277 2525 voluntatis?
291 2469 321 2524 ln
339 2467 474 2525 Passione
490 2483 558 2537 ergo
573 2466 685 2525 Domini
740 2470 871 2527 infirmos
885 2472 972 2525 etlam
988 2467 1124 2527 visitavit.
1139 2468 1327 2527 duminllcma

96 2539 686 2613 relucetexemplarperlectionisomnium
740 2540 945 2612 discipulorum
971 2540 1058 2598 corda
1080 2539 1276 2608 confortarit,
1303 2544 1327 2596 et

98 2609 403 2684 virtutum,proutjnm
417 2617 684 2684 supraesttactum.
741 2630 833 2685 agros
854 2612 958 2668 multos
979 2609 1099 2679 curavit,
1116 2612 1249 2685 captivos
1264 2612 1327 2669 mul·

100 2685 182 2752 item,
200 2684 228 2741 in
244 2701 277 2741 ea
292 2686 400 2741 relucet
414 2685 568 2754 perlectum
589 2700 686 2741 reme·
740 2693 786 2745 tos
811 2684 841 2742 in
866 2685 953 2742 limbo
979 2684 1113 2752 redemit,
1143 2691 1273 2742 mortuos
1296 2683 1327 2741 de

99 2756 178 2814 dium
189 2761 218 2812 et
229 2755 389 2813 antidotum
399 2760 497 2813 contra
507 2772 620 2813 omnem
632 2755 687 2828 spi·
741 2755 899 2841 sepulchris
911 2755 1068 2813 suscitarit.
1085 2755 1112 2815 Si
1126 2756 1164 2814 de
1181 2756 1327 2816 dilectione

99 2826 234 2887 ritualem
247 2830 472 2894 morbumdam,
489 2827 687 2900 perhocquod
741 2829 922 2889 inimicorum
937 2827 1041 2899 agitur,
1059 2826 1090 2884 in
1104 2845 1192 2886 cruce
1207 2829 1327 2909 prudens

97 2899 254 2972 pativoluit
266 2899 686 2972 mortemexprobratissimam,
743 2919 794 2974 pro
812 2900 873 2959 suis
891 2899 1109 2957 crucifixoribus
1125 2901 1241 2967 orarit;
1265 2907 1292 2958 et
1305 2917 1326 2959 st

95 2971 686 3044 babemusremediumcontrasuperbiam
742 2975 778 3032 de
793 2975 971 3030 olleusarum
986 2971 1159 3031 dimissione
1176 2973 1325 3045 loquimur,

98 3059 149 3115 per
162 3046 215 3100 hoc
230 3045 306 3116 quod
317 3044 475 3103 latronibus
493 3061 524 3103 se
544 3043 687 3101 associare
742 3048 806 3117 quis
835 3060 970 3116 umquam
989 3043 1139 3103 liberalius
1160 3045 1269 3103 dimisit
1282 3045 1326 3101 dc·

95 3115 195 3183 voluit,
205 3115 364 3174 remedium
380 3118 489 3187 praebet
503 3122 601 3173 contra
618 3114 688 3174 invi·
742 3117 803 3175 bita
817 3116 992 3174 debitoribus
1006 3115 1065 3174 suis
1087 3133 1176 3190 quam
1192 3117 1325 3181 Christus,

100 3186 188 3255 diam;
205 3204 256 3260 per
269 3191 322 3244 hoc
333 3189 409 3257 quod
420 3191 620 3259 contraipsnm
633 3188 688 3244 bla-
742 3188 790 3261 qui
805 3187 909 3246 latroni
924 3205 978 3244 uon
993 3188 1085 3244 solum
1100 3187 1201 3246 debita
1214 3187 1325 3254 dimi-it,

100 3260 284 3329 sphemantes
299 3260 428 3319 obticuit.
444 3260 601 3317 remedium
617 3276 688 3332 prta·
742 3260 792 3319 sed
820 3265 848 3316 ot
867 3259 1032 3331 paradisum
1055 3258 1109 3316 sibi
1126 3259 1284 3332 promisit?
1298 3262 1326 3316 Et

99 3329 346 3398 betcontrairem;
360 3349 410 3397 per
421 3331 687 3404 hocouodiuoruce
742 3333 783 3392 sic
797 3333 833 3389 de
856 3331 997 3390 similibus
1015 3330 1191 3401 inducendo,
1206 3349 1257 3404 pec
1272 3331 1325 3390 sin·

99 3399 235 3468 distendi,
248 3407 276 3457 et
293 3401 381 3458 clavis
396 3404 472 3459 cruci
492 3403 571 3473 alfigi
586 3405 686 3473 voluit,
741 3402 1185 3478 gulaoperasupererogationis,
1200 3419 1325 3476 quaeem·

96 3472 206 3544 praebet
227 3471 384 3553 remedium
411 3480 511 3530 contra
537 3474 686 3542 accidiam,
741 3477 790 3534 nia
813 3475 842 3532 in
859 3475 996 3533 Passieno
1011 3475 1128 3542 Christi,
1147 3475 1173 3533 si
1194 3475 1267 3533 bene
1280 3475 1324 3534 ad·

99 3559 164 3615 quus
188 3559 244 3599 nou
274 3549 341 3600 sinit
360 3544 493 3617 amplecti
513 3544 686 3614 ponitentiae
711 3595 713 3639 Ι
741 3548 890 3617 vertimus,
915 3553 1157 3619 supererogauter
1176 3549 1325 3621 adimpleta

99 3631 231 3685 erucem;
249 3632 301 3689 per
320 3616 383 3688 ejus
397 3632 463 3673 vero
485 3615 642 3674 nuditatem
658 3621 687 3674 et
710 3658 713 3697 ί
741 3619 922 3688 invenimus;
941 3618 1074 3676 similiter
1088 3624 1116 3679 et
1140 3637 1205 3688 uos,
1221 3620 1245 3678 si
1261 3636 1325 3694 per·

98 3695 320 3761 paupertatem,
350 3689 490 3746 habemus
527 3688 686 3746 remedium
710 3714 713 3773 p
740 3691 805 3749 lecti
823 3691 983 3749 imitatores
996 3690 1101 3748 Christi
1115 3693 1324 3761 essevolumus,

98 3767 199 3817 eontra
213 3761 383 3829 avaritiam
405 3778 455 3834 per
472 3760 546 3818 tellis
565 3767 594 3819 et
612 3760 686 3818 aceti
710 3776 712 3878 1
740 3764 899 3835 adimplere
913 3764 957 3821 rel
974 3763 1002 3820 in
1019 3763 1106 3827 lacto.
1117 3765 1160 3820 rel
1176 3763 1204 3822 in
1222 3763 1325 3823 deside

98 3833 337 3905 degustationem,
365 3835 502 3890 habemus
528 3833 686 3892 remedium
710 3886 712 3899 ,
741 3835 794 3904 rio,
812 3837 854 3892 rel
872 3836 900 3892 in
916 3834 1075 3893 ministerio
1093 3835 1245 3894 debemus.
1261 3838 1324 3893 Nam

102 3909 319 3978 contragulam;
329 3922 380 3989 per
391 3905 537 3987 vulnerum
556 3905 686 3963 intlictio·
710 3918 713 4005 p
740 3907 813 3965 sicut
827 3907 897 3964 dicit
912 3911 1093 3977 llieronpmus
1109 3927 1118 3964 ε
1134 3930 1149 3960 a
1165 3909 1284 3981 Singula
1295 3922 1324 3966 ea

101 3984 217 4044 nem,et
231 3995 335 4036 sumnu
358 3978 465 4036 doloris
491 3977 684 4048 altlietrouem,
710 4010 712 4042 i
740 3997 802 4052 quae
813 3979 888 4036 circa
897 3979 1084 4037 bominumin
1099 3980 1239 4038 Passieno
1251 3986 1325 4054 gesta

102 4048 242 4106 habemus
254 4051 411 4110 remedium
424 4056 523 4106 contra
534 4048 685 4118 luxuriam,
710 4082 711 4098 i
739 4056 817 4118 sunt,
832 4050 962 4124 quamvis
973 4054 988 4109 J
993 4050 1066 4109 utltri
1081 4057 1110 4109 et
1126 4051 1179 4109 alii
1189 4068 1325 4125 quacum·

100 4125 128 4175 et
143 4120 205 4177 baec
220 4128 286 4179 sunt
298 4129 406 4195 septem
421 4121 515 4195 sigilla
531 4121 635 4178 librum
647 4120 685 4179 vi·
739 4141 794 4196 que
808 4124 936 4182 lecerunt
949 4123 1005 4181 alia
1020 4129 1116 4181 mente
1130 4124 1273 4194 lecerunt,
1282 4141 1325 4182 no

98 4196 135 4271 tre
151 4192 359 4265 consignantis,
378 4212 441 4267 quae
461 4193 589 4253 Christus
604 4192 686 4249 nobis
739 4195 1326 4268 bistamencredentibusmysticaallerunt

100 4278 129 4342 ln
149 4263 283 4321 Pusione
307 4266 428 4339 aperuit,
444 4272 472 4324 et
488 4272 587 4340 postea
602 4262 686 4322 uobis
708 4300 711 4343 t
742 4273 939 4334 sacramenta;
967 4266 1008 4324 sic
1028 4267 1113 4327 stiam
1130 4269 1191 4340 ipsc
1206 4269 1326 4342 Caiphae*

100 4336 165 4390 ut·
177 4335 284 4393 aditum
298 4338 455 4395 reserant:
469 4337 606 4410 prediola
616 4352 685 4408 ergo
708 4352 711 4393 t
743 4340 858 4411 quando
869 4337 950 4399 dixit:
963 4340 1085 4414 Enpedtt
1097 4354 1184 4399 tauns
1195 4342 1326 4401 laomim
