2820 4928
414 313 453 367 uit
481 312 655 367 ttivtittls
681 315 723 369 tu
750 315 908 369 NUPTIA&
936 316 1007 368 ETC.
1277 306 1322 362 its

87 419 173 491 dere,
185 420 263 478 banc
276 432 376 477 eornm
390 418 481 477 sciens
491 420 678 490 voluntatem,

89 491 283 550 nihilominus
303 493 433 564 increpat
452 491 612 558 saevientes,
627 510 680 549 nec

89 563 199 621 timore
219 569 379 636 superatur,
422 565 554 620 uominus
577 570 679 635 arguat

90 642 270 709 peccatores.
285 636 355 691 llinc
369 580 457 693 hedes
469 642 676 708 argumentum,

91 708 184 779 quod,
200 707 224 764 si
252 707 417 778 praedicatio
443 711 564 763 tuanen
592 708 678 763 luerit

90 794 209 851 semper
222 785 374 835 consecuta
387 778 530 847 ellectum,
541 795 597 835 non
613 779 677 835 ideo

87 848 245 908 desistasa
265 850 469 922 predicatione
486 857 515 906 et
534 867 550 907 a
572 851 676 908 redar-

89 922 229 994 gutione;
245 922 366 979 maxime
392 925 414 978 si
431 938 496 993 spes
519 922 625 978 esttibi
642 923 676 979 de

89 1009 207 1062 eorum,
218 996 321 1065 quibus
332 993 480 1065 praedicas,
492 995 674 1050 correctione.

88 1064 166 1133 Quia
176 1064 676 1137 igiturostenderatliominirs‚quod

89 1152 217 1209 regnum
231 1137 376 1193 auferetur
391 1135 534 1205 aludmls,
548 1143 576 1191 ot
595 1136 676 1192 dabi-

89 1214 142 1265 tur
158 1206 238 1279 genti
263 1208 374 1265 facienti
395 1208 504 1264 tructus
527 1210 596 1279 ejus,
613 1208 676 1264 ideo

89 1279 240 1352 subjungit
249 1280 540 1361 nuucparabolamdc
552 1279 678 1335 inritatis

89 1350 131 1408 ad
146 1349 262 1422 nuptias
275 1367 361 1421 regis,
370 1366 440 1423 quas
456 1351 521 1407 lecit
535 1351 594 1407 filio
607 1368 675 1407 suo:

89 1438 218 1496 quorum
236 1423 351 1494 quidam
366 1422 463 1479 venire
480 1424 676 1494 neglexerunt,

90 1493 211 1577 quidam
223 1510 291 1551 iero
307 1510 403 1551 servos
416 1494 517 1551 missos
531 1507 676 1551 contume-

91 1564 141 1622 his
164 1565 282 1623 affectos
304 1566 484 1636 occiderunt;
509 1571 536 1622 et
559 1566 593 1621 de
615 1565 678 1621 aliis

90 1635 177 1695 benis
190 1643 220 1694 et
238 1638 322 1695 malis
338 1637 445 1694 voeatis
464 1637 511 1709 qui
526 1644 675 1704 venerunt,

91 1712 122 1766 et
132 1709 170 1765 ad
183 1708 294 1781 nuptias
306 1709 492 1766 intraverunt.
505 1711 582 1766 lianc
593 1723 675 1780 para-

91 1780 189 1837 bolam
206 1779 316 1836 inducit
333 1803 340 1838 ε
356 1785 386 1835 ut
407 1780 456 1837 Dei
478 1780 676 1853 longanimita-

91 1856 162 1920 tem,
172 1856 202 1908 et
211 1851 376 1923 patientiam
387 1852 550 1909 muhamad
561 1853 677 1910 Juuaos

92 1922 235 1991 ostendat,
245 1938 316 1994 quos
326 1939 383 1994 pra
399 1923 500 1980 ceteris
514 1924 675 1986 honoravit,

91 1998 121 2051 et
129 1992 229 2076 primo
243 1994 278 2051 ad
292 1997 406 2065 nuptias
422 1994 484 2051 Filii
497 1995 541 2052 sui
557 1995 676 2063 vocavit,

90 2081 137 2122 cur
148 2080 263 2121 earnem
274 2073 411 2135 nostram,
422 2072 451 2122 et
461 2066 613 2123 Ecclesiam
627 2067 676 2123 de-

90 2139 254 2209 sponsavit;
274 2144 304 2194 et
325 2148 355 2194 ut
375 2139 606 2211 reprobationem
627 2141 676 2195 Ju-

90 2208 234 2271 eaerum.
251 2214 279 2265 et
291 2209 467 2267 vocauonem
482 2210 611 2267 Gentium
628 2211 676 2265 de-

88 2286 276 2337 monstraret.
286 2281 579 2350 Quiaenimludaiad
590 2281 676 2337 fidem

87 2351 184 2409 vocati
201 2351 297 2409 venire
316 2354 478 2422 noluerunt,
494 2353 593 2409 merito
608 2352 677 2425 ipsis

87 2424 270 2496 reprobatis,
295 2425 342 2481 alii
362 2425 515 2481 introducti
541 2429 624 2491 sunt;
649 2430 676 2480 et

86 2493 218 2577 impletae
233 2502 297 2552 sunt
310 2496 414 2567 nuptia
426 2495 675 2564 discumbentium,

86 2582 160 2639 quia
184 2566 257 2623 fides
279 2567 418 2624 catholica
439 2568 539 2624 diliusa
564 2572 607 2623 est
626 2583 677 2639 per

86 2638 193 2696 orbem
209 2638 382 2696 universum.

127 2730 143 2765 a
161 2710 271 2766 Nurma
286 2712 354 2767 th
368 2712 417 2766 Dar
431 2726 576 2767 enumeras.
587 2740 619 2750 -
633 2712 677 2767 Si-

85 2782 158 2837 mile
171 2796 234 2849 crpo
247 2785 354 2851 fectum
369 2788 409 2838 est
422 2799 536 2851 reguum
551 2783 676 2838 colorum

87 2855 199 2909 bomini
212 2856 281 2925 regi,
298 2853 379 2910 idest
398 2856 542 2924 negotium
553 2870 677 2925 praesen·

87 2924 128 2980 tis
147 2923 289 2993 Ecclesia,
309 2941 361 2981 seu
385 2926 491 2982 iactum
507 2924 536 2981 in
552 2924 676 2982 Ecclesia

89 2993 235 3052 militante
252 2995 327 3052 circa
347 2995 499 3064 Christum,
522 2996 613 3053 simile
633 3001 676 3053 cst

90 3065 219 3138 negotio,
233 3067 310 3137 quod
325 3067 417 3139 potuit
432 3068 495 3124 lieri
513 3084 564 3138 per
579 3068 674 3124 homi-

93 3152 160 3193 nem
183 3153 281 3208 regem
308 3137 338 3195 in
358 3139 550 3197 celebratione
564 3141 674 3211 nuptia·

93 3222 167 3266 runt.
184 3211 240 3266 iste
255 3210 405 3267 homo-rex
424 3219 467 3267 est
490 3226 564 3268 ucus
580 3213 674 3279 Pater,

91 3279 142 3352 qui
157 3280 262 3337 dicitur
276 3284 345 3351 lica,
359 3282 426 3354 quia
439 3291 540 3354 regnat
558 3282 588 3338 in
604 3283 675 3339 eoelo

88 3366 148 3433 per
160 3351 291 3423 gloriam,
307 3353 338 3409 in
350 3354 456 3410 mundo
473 3370 525 3427 per
543 3354 675 3426 gratiam,

88 3439 121 3480 rn
141 3423 252 3480 inierno
266 3439 318 3496 per
331 3424 487 3497 justitiam
517 3431 545 3482 et
571 3425 675 3483 dicitur

88 3494 179 3551 bomo
207 3501 324 3569 propter
346 3496 583 3566 conformitatem,
612 3514 675 3569 quar

94 3571 140 3624 est
155 3568 230 3623 inter
246 3568 336 3624 Deum
350 3574 379 3625 et
394 3568 550 3625 hominem.
567 3571 620 3637 Qui
632 3572 674 3638 se-

90 3641 131 3694 cit
142 3642 258 3709 nuptias
271 3641 329 3709 tilio
343 3656 392 3695 suo
407 3639 530 3712 triplices
546 3664 552 3698 :
568 3641 675 3713 primas

90 3708 247 3766 celebravit
270 3713 298 3766 in
318 3711 442 3783 Virginis
467 3717 557 3780 utero,
577 3712 607 3767 in
627 3728 674 3768 co·

90 3780 240 3852 pulatione
252 3781 355 3839 divina
369 3789 480 3839 naturae
492 3787 519 3838 et
529 3784 673 3851 humanae,

91 3851 248 3922 dequibus
268 3852 337 3909 dicit
352 3855 509 3924 Gregorius,
531 3854 605 3925 quod
622 3871 674 3911 nu-

90 3922 367 4049 pilarumibatamus
381 3926 432 3982 luit
446 3932 541 3981 uterus
554 3924 676 3996 virgina-

102 3995 139 4063 is;
155 3996 294 4052 secundas
305 3997 372 4053 iecit
384 3998 413 4053 in
430 3996 547 4067 mundo,
565 3996 594 4052 in
610 4012 675 4053 con-

86 4067 237 4194 punctione
251 4067 354 4125 Christi
372 4075 401 4125 et
413 4068 599 4137 Ecclesiae,de
613 4068 672 4140 qui·

110 4154 144 4195 us
165 4137 235 4195 dicit
256 4140 408 4212 Apostolus
433 4158 440 4195 :
464 4143 673 4199 Sacramentum

90 4211 141 4267 boc
154 4226 286 4279 magnum
299 4218 349 4282 est,
364 4229 412 4282 epo
423 4213 495 4282 dico,
509 4216 539 4269 in
553 4214 672 4280 Christo,

88 4288 115 4338 et
133 4285 165 4339 ia
185 4284 321 4357 Ecclesia
347 4283 445 4343 tertias
464 4284 529 4342 iecit
541 4284 571 4343 in
594 4282 672 4343 fideli

734 421 836 489 amico,
852 421 881 477 in
900 418 1099 493 conjunctione
1115 416 1215 490 gratia
1234 421 1262 474 et
1276 417 1314 472 h·

734 492 1086 565 delacrimationibus
1100 491 1206 547 Oseas:
1222 491 1313 560 Spon-

732 566 797 620 sobo
817 571 842 619 tc
864 568 933 620 mibi
952 568 981 620 in
1007 566 1071 634 fide.
1088 563 1156 618 Aliae
1170 565 1236 618 saint
1261 577 1311 615 nu-

733 636 799 707 ptiae
812 637 948 701 celestes,
961 636 988 692 in
1002 636 1103 707 quibus
1113 640 1139 690 et
1158 633 1246 690 miilta
1256 633 1310 688 ier·

733 708 795 764 cula
817 714 1004 780 apponentur,
1020 706 1175 763 secundum
1197 706 1310 773 Atreus-

734 783 831 847 timcm,
847 780 969 835 scilicet:
985 779 1051 841 trita,
1066 786 1095 834 et
1107 779 1193 844 salus,
1208 782 1236 831 et
1248 775 1311 830 vir-

733 857 791 918 tus,
811 856 838 907 et
852 851 942 923 eopia,
960 856 987 907 et
1002 849 1102 921 gliiria,
1122 857 1150 905 et
1167 850 1269 920 honor,
1284 850 1312 903 et

733 939 796 995 pax,
813 926 841 977 et
854 923 950 978 oiiinia
965 924 1048 978 troiia.

768 999 784 1049 ὅ
808 996 937 1062 Quosrau
953 1012 1052 1050 saevos
1068 1010 1138 1048 rusia
1158 1009 1191 1047 ro
1207 1008 1311 1047 murra-

733 1084 791 1121 ros.
809 1098 843 1106 -
867 1069 903 1121 Et
926 1069 1003 1120 misit
1023 1081 1113 1120 seruos
1126 1079 1188 1119 suos
1204 1078 1312 1133 [irrece-

734 1139 843 1206 deutes,
858 1136 964 1192 scilicet
980 1139 1147 1209 Prophetas
1161 1150 1257 1189 uocare
1270 1137 1312 1188 in·

733 1213 834 1264 aritiam
863 1210 900 1263 eii
925 1211 1048 1278 nuptias,
1078 1224 1129 1279 per
1152 1206 1311 1275 Scripturas

733 1283 825 1351 Logia,
840 1280 868 1336 in
883 1297 939 1352 qira
954 1285 997 1335 est
1011 1278 1160 1351 promissio
1171 1277 1205 1332 dc
1221 1276 1315 1331 lucar·

733 1348 1313 1477 nationeChristi‚scilieet{psosdudaeom

732 1425 768 1480 ad
785 1424 906 1496 nuptias,
923 1424 952 1479 id
971 1430 1014 1479 est
1028 1423 1098 1479 auh
1120 1437 1165 1478 em
1181 1422 1313 1500 lnearira-

733 1495 817 1551 tionis
837 1496 950 1563 Christi,
961 1494 1131 1566 promissam
1146 1493 1176 1548 in
1192 1493 1314 1547 Patriae-

732 1568 802 1631 chiS,
819 1568 969 1639 figuratam
990 1567 1019 1623 iu
1032 1568 1115 1638 Lege,
1131 1563 1314 1637 praedicatam

732 1639 761 1696 in
776 1641 933 1708 Prophetis.
954 1641 1102 1711 Propheta
1119 1652 1240 1708 namque
1256 1635 1311 1691 cla-

732 1711 790 1767 rius
816 1711 1057 1769 derruntiaverunt
1079 1727 1114 1767 oa
1137 1709 1172 1765 de
1189 1707 1310 1775 Chri-to,

731 1799 794 1854 quae
811 1785 958 1840 obscurius
972 1783 1069 1851 posita
1080 1788 1161 1838 erant
1175 1783 1203 1836 in
1218 1782 1309 1850 Lege;

732 1855 1001 1911 hortabaiitureniur
1016 1853 1149 1928 populum
1163 1851 1312 1909 Judaieum

732 1935 895 1996 exspectare
910 1925 1012 1982 Christi
1028 1926 1191 1983 adventum.
1210 1939 1242 1977 ac
1263 1938 1314 1994 per

733 1998 818 2053 iidem
834 2004 862 2052 et
876 2012 963 2066 opera
977 1995 1093 2051 tendere
1109 1995 1145 2050 ad
1160 1994 1270 2065 ipsum;
1288 1996 1319 2047 ct

733 2070 869 2124 nolebant
890 2067 998 2133 venire,
1020 2066 1162 2121 credendo
1182 2065 1310 2134 Scriptu-

732 2139 772 2196 ris
786 2138 980 2208 invitantibus,
994 2136 1153 2194 obediendo
1164 2133 1253 2191 servis
1268 2151 1313 2190 vo-

732 2211 871 2280 cantibus,
889 2209 1094 2283 congaudendo
1110 2207 1216 2280 nuptiis
1230 2223 1313 2279 rega-

731 2284 999 2340 libusltcrommisit
1012 2284 1081 2338 alios
1096 2296 1186 2336 soreos
1197 2294 1315 2349 sauricu-

731 2356 893 2423 tes‚scili‹·et
903 2358 1041 2412 loannem
1054 2354 1219 2424 baptistam,
1230 2367 1312 2407 suos-

731 2445 785 2499 que
794 2429 1065 2499 Apostolosdicens:
1076 2429 1164 2482 Dicite
1177 2427 1314 2493 inuitatis,

732 2499 837 2555 scilieet
851 2500 955 2555 iudicis
963 2503 1021 2571 jam
1036 2497 1142 2553 vocatis
1157 2513 1174 2553 a
1188 2506 1314 2568 tempore

731 2572 852 2626 Abrahae
869 2575 952 2626 :Ecce
966 2571 1115 2641 parandium
1130 2585 1217 2623 metim
1231 2584 1315 2637 pura-

732 2646 771 2707 ei,
787 2642 816 2697 id
845 2650 888 2697 est
913 2640 1076 2713 mysterium
1107 2637 1312 2695 incarnationis

732 2712 858 2784 implevi,
882 2729 916 2769 ac
940 2716 1119 2768 sacramenta
1138 2709 1270 2766 Ecclesiae
1283 2716 1311 2765 et

731 2784 889 2841 doctrinam
908 2782 1098 2841 Christianam
1120 2781 1222 2854 quibus
1246 2781 1312 2837 reii-

731 2856 842 2912 ciautur
854 2854 968 2923 aalma,
990 2853 1134 2923 disposui;
1152 2855 1226 2908 tauri
1250 2853 1313 2918 mei,

731 2927 837 2983 scilicet
864 2931 960 2999 patres
988 2925 1098 2980 Veteris
1127 2923 1311 2990 Testamenti,

732 2998 780 3070 qui
809 2999 859 3053 sub
882 2998 952 3069 jugo
974 2997 1055 3066 Legis
1081 2995 1259 3053 laborabant.
1285 3001 1313 3050 et

731 3067 859 3126 inimicos
874 3067 1008 3124 cornibus
1027 3066 1213 3134 ventilabant,
1228 3070 1254 3121 et
1267 3068 1310 3120 ol-

731 3144 805 3201 tilic,
819 3139 900 3213 quasi
919 3137 1031 3205 alitilia,
1047 3138 1084 3195 ab
1098 3138 1200 3194 alendo
1222 3136 1309 3204 dicta,

730 3211 838 3269 scilicet
854 3216 948 3283 patres
973 3212 1042 3267 Novi
1058 3209 1229 3266 Testamenti
1244 3210 1310 3281 pin·

730 3283 850 3355 guedinis
863 3281 990 3339 caritatis
1000 3280 1132 3354 saginati,
1147 3282 1246 3353 pennis
1257 3279 1311 3336 vir-

729 3359 821 3411 tutum
836 3353 914 3422 alati,
926 3354 961 3410 ad
972 3369 1095 3425 superna
1108 3358 1202 3411 mente
1214 3351 1310 3421 erecti,

730 3430 818 3483 occiso
837 3431 911 3497 sunt,
936 3427 1002 3497 quia
1026 3424 1120 3483 Sancti
1143 3425 1311 3484 occiduntur

730 3515 781 3571 pro
804 3498 895 3556 salute
918 3497 1031 3569 popull3
1055 3503 1080 3553 et
1103 3500 1311 3571 omniuperoto

729 3576 803 3637 aunt,
820 3569 887 3642 quia
901 3568 1037 3641 quidquid
1055 3573 1193 3641 quaeritur
1211 3570 1247 3627 ad
1263 3585 1311 3625 sa·

729 3643 827 3710 lutcm,
845 3644 905 3713 jam
924 3641 1109 3713 adimpletum
1123 3647 1167 3698 est
1181 3642 1211 3697 in
1230 3641 1311 3698 Scri-

728 3713 829 3786 pturis,
847 3713 899 3779 sel,
917 3713 1013 3769 omnia
1032 3729 1095 3784 qaia
1117 3713 1259 3784 pertinent
1274 3712 1311 3766 al

730 3784 895 3855 mysterium
909 3789 1014 3840 nostra
1024 3782 1244 3855 lledempthnh,
1255 3781 1311 3849 vel,

730 3854 860 3911 introitus
874 3855 964 3937 regni,
989 3861 1033 3911 cst
1059 3871 1109 3927 per
1134 3854 1219 3910 tidem
1235 3867 1308 3908 mem

730 3928 1067 3998 incarnationrsapcrtus,
1081 3926 1129 3996 qui
1141 3929 1207 3980 ante
1216 3922 1310 3978 luerat

729 3998 839 4054 clausus
856 4015 862 4065 ;
877 4002 966 4054 uenite
979 4000 1017 4053 ud
1030 4000 1142 4068 iiuptios
1156 3994 1310 4065 credendo,

728 4068 881 4140 diligendo,
893 4076 920 4125 et
935 4068 1087 4141 operando.
1104 4068 1151 4122 illi
1164 4069 1254 4146 eutem
1264 4082 1311 4121 ae-

726 4142 880 4209 plebeiani,
890 4140 957 4212 quia
970 4140 1060 4196 ludaei
1076 4136 1306 4207 praedicationem

727 4211 830 4269 Christi
848 4218 875 4268 et
901 4210 1099 4283 Apostolorum
1121 4211 1306 4280 contempse-

726 4287 803 4353 runt,
833 4299 898 4340 narn
922 4280 1015 4355 pauci,
1044 4280 1246 4355 comparative,
1273 4279 1308 4345 do
