2820 4928
246 314 289 369 bs
315 316 501 372 BFFDSIDNB
529 319 697 374 buduesrt
726 318 833 375 SUPER
861 318 968 373 CAPUT
995 316 1087 371 JESU.
1242 314 1287 369 ibi

48 422 90 505 ad
100 421 297 505 sepeliendum
311 438 355 478 me
365 424 445 505 feeit,
460 439 499 507 an
512 440 570 481 uon
582 441 643 483 ere·
699 427 747 484 illa
760 424 910 483 curiositas
924 423 1001 482 mala
1014 440 1072 481 uon
1092 427 1164 492 erat,
1179 439 1213 479 ox
1228 437 1285 495 qua

48 492 99 578 dis
110 493 191 565 quod
209 494 298 565 buJus
316 494 396 577 verbi
415 493 528 577 gladius
546 497 644 555 biatris
697 500 734 556 ad
750 498 834 555 iidem
850 497 944 555 induci
960 500 1103 570 poterant.
1120 498 1286 552 Nosecou-

48 580 183 623 animam
200 567 497 647 pertransiretiflourd
516 570 593 625 enim
609 570 644 626 de
698 578 753 639 tra,
768 570 791 625 si
810 569 1007 642 cognoscimus
1021 571 1121 626 desum
1145 566 1287 624 obedien-

48 640 211 720 moriesua
220 652 383 709 expressius
396 638 493 719 dicere
508 643 645 710 poterat?
698 642 735 698 tis
748 641 852 699 arrima·
876 641 993 697 domum
1009 638 1039 695 in
1063 656 1120 711 qua
1145 636 1288 695 inhabitet

52 710 199 791 Similiter
212 715 241 765 et
252 724 353 791 omnes
368 709 513 793 sitierant
527 718 644 782 perter-
698 713 852 781 invenisse,
868 712 1015 769 veniamus
1031 711 1098 768 illue
1113 710 1288 782 contempla·

53 786 122 849 riti,
141 786 172 835 et
198 796 287 837 auxus
312 783 534 863 cogitationibus
555 783 644 854 pieni,
698 785 776 841 tione
788 805 794 847 ;
806 801 864 841 non
876 782 1286 856 propterbominemtantum,

56 850 315 933 colloquentesad
338 867 462 936 inuicem
472 926 476 935 Ι
488 870 565 911 uuus
580 871 646 914 cum
698 854 826 929 quentin
844 856 939 913 anima
963 855 1132 912 suscitatum
1146 852 1286 921 videmus,

57 922 166 991 altero,
180 922 246 979 iuna
260 922 338 993 inde,
351 938 382 979 ιιι
399 939 449 980 ore
471 924 585 981 illorum
598 924 646 998 qui
698 930 746 985 sod
759 932 789 984 ut
809 926 894 983 sitam
907 928 1012 983 bonnm
1025 924 1179 993 imitemur,
1194 930 1221 979 et
1235 940 1288 997 per

54 994 169 1051 habent
200 993 337 1077 durauet
362 995 482 1079 adversa
509 1002 643 1057 tractare.
698 1002 752 1057 hoe
780 998 815 1055 ad
839 998 979 1054 visionem
993 1000 1061 1055 Jesu
1075 994 1288 1069 perveniamus.

53 1066 645 1149 Dompatererpsrsmttuuebbeutareum
738 1076 769 1128 id
786 1074 989 1127 Punarsnonuu
1018 1086 1120 1126 sruura
1148 1083 1291 1123 eoorrnrro

52 1152 99 1195 ers
116 1152 308 1196 converseris,
698 1161 732 1199 ns
747 1159 953 1199 rureuriemnno
970 1143 1089 1196 annno.
1107 1142 1291 1208 -Coqituee-

96 1228 130 1267 aa
157 1208 312 1267 Juoaouurr
340 1226 556 1267 curiosius·
581 1215 646 1284 Coq-
698 1220 765 1270 rorat
782 1220 873 1269 autem
887 1211 1215 1285 priraeipessoeerdotum
1238 1209 1290 1265 do·

54 1282 138 1337 nouit
160 1296 242 1351 arao.
261 1296 316 1353 per
347 1281 454 1369 tamam
489 1284 645 1368 publicam,
700 1286 793 1342 lentes
807 1286 843 1342 de
858 1280 1199 1353 manifestationegloriae
1212 1251 1290 1339 (ibri-

58 1352 146 1411 tarta
162 1354 252 1409 mutto
274 1368 310 1409 ea
327 1354 442 1437 dudan,
458 1370 507 1425 qui
527 1372 561 1413 ex
585 1363 647 1415 tota
700 1357 747 1426 sti,
767 1361 799 1412 nt
824 1363 850 1413 ct
873 1359 1012 1413 Lazarum
1033 1356 1228 1426 interficerent,
1253 1350 1290 1407 ad

58 1428 143 1509 terra
155 1428 293 1507 venerant
307 1424 344 1481 ad
359 1425 435 1483 diem
450 1427 647 1509 testitimonia
700 1429 899 1485 orruitandum
920 1424 1102 1495 miraculum,
1119 1427 1187 1496 quio
1208 1423 1292 1479 multi

59 1494 126 1553 alba
140 1500 191 1559 eat.
216 1496 324 1554 scilieet
348 1498 426 1579 quod
448 1515 478 1554 ru
498 1500 646 1569 Bethania,
699 1507 812 1573 propter
836 1502 919 1556 ittam
945 1499 1062 1553 <abibant
1087 1514 1122 1553 ea
1140 1496 1244 1553 aaran
1263 1498 1290 1551 et

58 1572 137 1625 esset
160 1568 255 1625 desua.
286 1568 428 1651 Bethania
454 1570 530 1629 enim
546 1588 648 1654 'propo
700 1574 847 1628 credebant
872 1574 901 1627 in
934 1574 1037 1633 desum,
1058 1567 1179 1625 convicti
1206 1566 1289 1639 signo

56 1638 233 1722 Jerusalem,
259 1654 342 1710 quam
368 1641 405 1723 ad
431 1641 487 1699 duo
515 1643 648 1701 milliaria
701 1643 833 1711 maximo,
843 1651 871 1699 et
886 1640 992 1699 inducti
1007 1641 1043 1697 ad
1054 1638 1240 1697 erodendum.
1259 1639 1291 1695 Ιιι

58 1713 134 1779 erat,
150 1718 181 1767 et
193 1710 261 1767 ideo
274 1710 310 1769 de
322 1712 398 1769 taerb
409 1713 464 1795 boe
474 1729 648 1785 cognoscere
701 1732 757 1788 quo
773 1715 944 1773 ridebantur
956 1714 1105 1770 manifeste
1118 1714 1177 1769 Deo
1192 1708 1290 1767 obvia·

59 1788 207 1855 poteraut.
222 1783 496 1853 stemmatibus,
515 1803 569 1842 aon
582 1804 647 1858 pro·
700 1804 748 1843 re:
766 1786 825 1857 ipso
840 1786 1119 1842 enimrivittenverat
1134 1785 1288 1851 Lazarnm;

58 1858 124 1927 pter
136 1854 232 1939 Jeaum
245 1859 365 1921 tontum,
380 1856 429 1911 sed
451 1860 535 1912 etiam
553 1866 583 1913 ut
598 1862 649 1915 ba·
701 1865 729 1915 et
748 1858 794 1915 isti
810 1858 942 1914 volebant
957 1856 1087 1914 occidere
1097 1871 1174 1923 eum,
1185 1870 1219 1910 ax
1234 1867 1291 1924 quo

61 1940 163 1981 mrum
187 1926 323 1995 raderent,
347 1944 427 2010 quem
459 1932 605 1985 suscitarit
632 1946 650 1986 a
701 1934 730 1986 et
754 1930 877 1986 maxima
895 1933 973 1999 patet
992 1926 1155 1997 malignitas
1177 1938 1289 1981 eorum.

62 1998 192 2055 mortaria.
204 1998 236 2055 lu
250 1996 305 2055 boe
320 1998 535 2081 iaetovrnnuitnr
549 2001 650 2073 duplex
703 2001 786 2058 Stulti
800 2006 828 2056 ot
841 1998 957 2067 matiani
972 1997 1064 2055 Judaei
1079 2011 1147 2053 eum
1158 1995 1290 2051 occidere

63 2082 169 2127 causa:
184 2074 379 2151 uua,·propter
390 2086 481 2143 ipsum
494 2074 592 2129 desum
609 2089 651 2129 re·
702 2072 847 2139 volebant,
863 2086 947 2141 qtiem
972 2084 1062 2139 nuper
1083 2064 1223 2124 Dominus
1240 2080 1291 2119 su·

64 2142 394 2212 verenterusitandum3
409 2142 476 2210 alia,
487 2144 651 2201 utriderent
702 2143 863 2211 sanaverat,
884 2158 916 2198 ae
932 2141 954 2196 si
969 2140 1073 2195 iterum
1090 2152 1155 2195 eum
1172 2134 1294 2193 resusci-

71 2210 211 2269 umam
231 2212 268 2269 ab
287 2214 518 2295 resuscitatum.
540 2219 573 2272 Et
596 2218 650 2274 boc
702 2222 764 2271 tare
785 2230 844 2271 non
863 2219 968 2287 posset.
991 2211 1070 2267 Unde
1089 2208 1129 2266 ait
1155 2208 1293 2277 donasti·

79 2280 250 2365 roptarduo
265 2299 394 2367 :primm
410 2285 559 2367 quiaillud
574 2288 650 2359 quiid
702 2303 779 2343 aas:
806 2307 819 2338 n
839 2286 861 2342 Ο
884 2287 969 2341 stulta
998 2280 1145 2353 cogitatio,
1161 2284 1190 2337 et
1214 2293 1289 2336 caea

88 2362 171 2437 etum
187 2369 372 2427 circumsona
392 2365 554 2428 annuerant,
568 2360 650 2416 ralde
703 2358 825 2415 saevitia!
836 2356 972 2414 Dominus
987 2353 1124 2423 Christus,
1135 2351 1184 2426 qui
1200 2348 1288 2409 susci·

58 2424 199 2509 mirabile
212 2432 286 2497 erat,
301 2433 331 2485 et
345 2429 398 2486 boe
410 2429 540 2487 hominos
553 2430 651 2487 vidore
704 2436 764 2488 tare
778 2430 869 2503 potuit
884 2435 1039 2496 mortuum,
1055 2442 1111 2482 non
1129 2429 1227 2497 posset
1240 2439 1288 2480 su·

58 2498 248 2567 desiderasse
258 2500 395 2566 seeundo,
405 2504 473 2573 quia
483 2504 650 2574 sperabant,
703 2502 806 2559 scitare
821 2500 969 2557 necisum?
984 2502 1053 2555 Erae
1074 2502 1227 2567 utrumque
1242 2495 1290 2552 ie-

57 2570 172 2651 Lazaro
185 2570 339 2640 referente,
348 2572 464 2655 ‘aliquid
477 2574 512 2630 do
522 2574 580 2630 alia
594 2574 652 2630 vita
704 2574 741 2630 cit
760 2571 908 2640 Dominus,
932 2578 961 2627 et
979 2572 1114 2625 Lazarum
1134 2572 1291 2647 mortuum²

59 2656 225 2723 percipere,
243 2648 271 2723 et
289 2644 399 2714 audire,
421 2646 500 2717 cujus
517 2645 653 2717 cognitio·
704 2650 731 2701 et
747 2644 870 2717 seipsum
887 2640 1033 2699 suscitavit
1047 2640 1181 2694 occisum.
1203 2656 1217 2689 ι
1238 2636 1291 2693 Ubi

59 2728 109 2769 ms
123 2712 306 2796 'desiderium
331 2715 437 2772 bomini
454 2721 498 2774 est
513 2717 651 2774 innatum.
704 2720 733 2774 et
755 2718 965 2785 chrysostomus
987 2730 994 2767 :
1021 2710 1169 2767 «Nullum
1195 2712 1292 2765 autem

61 2784 225 2867 curiositas
240 2790 337 2843 tamen
354 2787 444 2859 magis
462 2804 511 2845 eos
525 2789 652 2858 adduxit,
704 2787 874 2845 miraculum
891 2782 995 2841 Christi
1008 2797 1056 2838 eos
1069 2780 1112 2837 ita
1131 2780 1227 2836 furere
1244 2778 1292 2835 te-

63 2870 152 2927 quam
166 2862 281 2925 cantas,
296 2874 349 2914 uec
366 2866 476 2917 tantum
491 2876 588 2917 amore
603 2861 654 2916 du·
706 2860 760 2928 eit,
777 2860 830 2915 boe
845 2857 921 2914 onim
939 2852 1097 2911 mirabilius
1112 2856 1184 2921 erat,
1200 2855 1230 2908 et
1244 2865 1293 2905 eo·

64 2928 208 3009 rebantur
220 2936 357 3000 quantum
367 2930 573 3000 admiratione;
587 2932 654 3003 nina
706 2946 768 2987 ram
783 2928 881 2986 multis
895 2927 1066 2991 factumest,
1082 2926 1111 2977 et
1127 2926 1190 2978 orat
1203 2920 1295 2991 inopi·

68 3004 145 3057 sicut
159 3014 191 3080 se
211 3000 353 3071 cupiditas
378 3002 527 3059 bominum
557 3000 679 3123 indies*
707 2989 1294 3068 nabiiemortuumquatriduanumvidero

71 3084 149 3129 nora
161 3070 260 3130 sidera
271 3074 408 3133 etaudbe
421 3076 585 3148 cupiebant.
598 3074 653 3133 Sed
708 3073 907 3131 ambulantem
922 3076 952 3126 et
965 3067 1142 3139 loquentem.
1159 3082 1174 3117 n

613 3282 744 3343 ORATIO

107 3477 234 3539 Domine
246 3479 315 3537 Jesu
329 3474 452 3547 christe,
467 3473 515 3549 qui
532 3490 584 3548 pro
599 3472 678 3531 omni
694 3471 802 3532 mundo
823 3482 961 3545 passurus
975 3464 1074 3524 venire
1099 3468 1129 3523 et
1145 3463 1253 3522 morari
1271 3462 1303 3521 in

71 3551 230 3634 Bethania,
244 3548 274 3607 id
287 3554 331 3607 est
345 3548 375 3607 in
392 3550 477 3631 donia
493 3546 676 3617 obedieutiae,
691 3552 720 3604 et
732 3544 838 3603 ibidem
850 3556 964 3600 coenare
975 3537 1105 3623 uoluisti,
1128 3553 1162 3594 ae
1175 3542 1262 3611 eaput
1275 3538 1305 3594 at

71 3625 164 3699 pedes
179 3622 232 3681 tibi
247 3621 317 3695 ungi
336 3618 504 3695 permisisti,
519 3621 556 3677 da
569 3618 641 3677 mibi
658 3625 690 3676 ut
703 3618 733 3675 in
754 3632 823 3674 vera
837 3615 1001 3673 obedientia
1014 3608 1236 3686 perseverando,
1253 3622 1307 3681 per

73 3702 149 3755 bane
164 3694 217 3753 tibi
232 3692 421 3752 resectionem
439 3692 532 3749 faeere
544 3688 852 3819 merearspiritualem,
867 3688 934 3759 quia
946 3690 977 3742 tu
990 3684 1018 3741 in
1032 3687 1132 3740 nostra
1142 3678 1304 3748 delectaris,

72 3775 102 3827 et
116 3766 330 3843 quodammodo
345 3762 472 3839 pasceris
488 3762 663 3821 obedientia.
701 3778 733 3817 ac
748 3761 834 3817 etiam
845 3775 891 3817 me
902 3757 1007 3815 ibidem
1024 3760 1109 3838 caput
1123 3759 1202 3810 tuum
1217 3755 1246 3808 et
1259 3765 1307 3823 pe-

73 3842 125 3899 des
140 3855 250 3913 ungere
266 3856 274 3895 ι
292 3842 377 3907 eaput
395 3834 525 3909 quidem,
540 3834 645 3891 diuinae
661 3832 774 3889 virtutis
794 3840 850 3889 tua
867 3830 1025 3903 potentiam
1043 3828 1133 3909 digua
1144 3818 1307 3880 reverentia

74 3918 101 3971 et
114 3912 202 3969 laudo
216 3908 399 3979 conflteud0;
414 3907 502 3981 pedes
514 3922 593 3975 reru,
608 3910 762 3979 assumptae
775 3900 961 3961 humanitatis
975 3903 1112 3973 mysteria
1123 3892 1256 3977 similiter
1265 3888 1308 3947 di·

74 4000 132 4059 gne
148 3980 348 4055 suscipiend03
366 3982 411 4038 voi
430 3984 525 4053 caput,
541 3983 569 4035 te
585 3978 727 4035 Christum
744 3975 918 4045 uenerando,
939 3979 968 4031 et
988 3973 1089 4045 pedes,
1102 3971 1161 4025 turs
1173 3962 1308 4021 ddobbus

74 4054 276 4129 obsequendo,
291 4058 323 4113 ut
336 4058 414 4113 tuam
432 4051 555 4126 gratiam
572 4064 733 4121 consequar
747 4048 788 4107 sie
799 4049 921 4122 agendo.
936 4048 1036 4103 Amen.
