2820 4928
242 283 284 337 ll!
310 284 508 340 bitumum
536 286 712 354 ttcutnttt,
742 288 853 343 tutto
880 286 1060 347 innuatur,
1089 288 1159 343 irc.
1276 288 1324 343 20³

80 389 233 465 justitiam
247 390 346 450 esurit.
362 394 400 448 Et
426 392 523 448 sidens
538 397 585 463 fici
599 397 681 451 nrbe-

82 463 681 535 reniunnrmiuterllethphageetmentem

85 534 207 603 Oliveti,
224 551 301 591 serus
326 538 412 597 rium,
428 537 503 591 restit
520 538 557 591 od
570 554 639 600 rein,
656 544 682 593 et

86 608 166 662 nibil
179 609 285 663 invenit
300 609 330 661 in
344 622 375 661 eo
388 607 505 671 lrurtus,
522 610 579 662 nisi
589 612 681 677 solitu

87 679 393 746 tantuormalettirens
403 693 472 749 tergo
482 677 518 737 ei.
530 683 580 735 eit:
597 684 681 740 it‘rnn·

90 766 178 823 quarm
198 767 232 806 en
255 758 281 807 tr
294 753 403 818 fractas
415 758 547 805 nascatur
566 755 596 806 in
609 768 679 807 sera-

88 824 242 899 piteraum.
258 825 294 878 Et
308 823 434 889 arescente
448 827 488 877 est
503 826 629 879 continuo
645 829 679 894 fi·

89 896 200 951 aulaea.
216 893 299 951 Venit
314 892 487 949 nominasse
504 894 590 950 lreulu
605 912 679 964 eam,

90 980 152 1023 uon
166 981 249 1021 eausa
266 966 428 1020 inrerriernli
445 965 561 1033 tructus,
577 968 680 1037 quibus

90 1038 223 1095 esuriens
235 1036 413 1103 reficeretur,
428 1037 536 1093 sciebat
553 1039 628 1106 quisti
650 1038 679 1094 in

89 1107 209 1177 martio,
221 1115 333 1179 tempus
344 1108 450 1163 tiruum
464 1126 520 1163 unu
536 1117 620 1176 esset,
630 1111 678 1165 serl

88 1179 181 1237 adivit
198 1188 313 1251 prepter
341 1178 522 1248 miraculum,
550 1185 580 1235 ut
598 1182 679 1252 ripo-

87 1250 234 1309 stolosatl
259 1250 346 1307 tillem
371 1251 563 1309 confirmaret.
587 1253 677 1313 Ueste,

85 1324 247 1379 seeundum
271 1324 500 1391 chrysostomum,
532 1324 680 1379 maledixit

86 1394 228 1452 Dominus
241 1393 382 1460 liculnea,
398 1410 455 1449 non
470 1396 603 1465 ‹puertiam
619 1398 678 1451 tru-

85 1474 169 1523 otum
183 1465 272 1521 inilia
289 1482 344 1521 non
359 1467 477 1532 invenit,
489 1481 550 1520 enm
568 1483 625 1522 nen
638 1484 680 1521 es·

85 1544 134 1595 set
148 1544 260 1608 tempos
276 1538 393 1604 lienum,
408 1537 456 1591 sed
475 1538 680 1607 discipulorum

84 1607 197 1683 gratia,
211 1614 241 1664 ut
250 1609 435 1671 continerent,
449 1613 477 1663 et
488 1614 517 1663 ut
526 1610 678 1677 disserent,

88 1682 170 1752 qnod
189 1680 371 1749 possitetiam
381 1680 496 1736 Juslaeos
510 1696 679 1751 persequen-

87 1758 138 1809 tes
150 1752 272 1821 sirrnm,
286 1760 314 1807 et
333 1751 361 1807 iu
382 1758 526 1807 momento
541 1754 679 1808 extermi-

85 1838 176 1879 nare.
196 1824 262 1878 ldeo
277 1838 369 1893 nerpue
390 1824 419 1877 in
434 1823 491 1878 alta
504 1824 611 1894 planta,
629 1824 679 1881 sed

84 1892 264 1951 inomninm
288 1893 488 1950 huuiirlissirna
509 1894 679 1950 miraculum

84 1966 145 2023 hoe
160 1964 237 2034 lecit,
253 1972 286 2021 ut
304 1971 333 2022 et
353 1963 422 2021 hine
437 1966 529 2035 majus
543 1975 680 2037 appareat

84 2038 146 2095 hoe
163 2039 341 2093 miraculum.
358 2038 402 2092 Arl
422 2037 474 2091 lior
491 2035 567 2092 enim
583 2038 679 2092 litimi-

85 2124 147 2167 nus
162 2109 329 2165 miraculum
341 2106 422 2176 lacit,
439 2113 469 2162 ut
480 2108 636 2178 discipulos
651 2107 679 2163 in

87 2180 150 2237 ude
166 2179 310 2248 solidaret,
326 2178 406 2249 rpuia,
426 2185 456 2234 ut
476 2181 516 2235 ait
538 2182 680 2245 llteronp-

86 2267 165 2315 mus.
188 2250 324 2307 Dominus
351 2267 488 2322 passurus
509 2251 537 2306 in
554 2250 679 2322 populis,

88 2330 121 2381 et
136 2323 314 2393 bajulaturus
335 2322 501 2377 scandalum
517 2324 619 2389 erueis,
632 2339 679 2379 ro·

90 2393 148 2451 luit
164 2394 370 2465 discipulorum
392 2393 501 2449 animos
516 2394 589 2463 signi
606 2396 678 2449 anti-

91 2464 241 2537 cipatione
256 2466 381 2520 lirniare.
397 2465 478 2530 Quod
494 2467 579 2520 etiam
600 2466 629 2519 in
644 2465 680 2519 si-

88 2553 179 2611 gnum
193 2552 345 2607 synagogae
358 2537 526 2603 rualetlirtra
540 2543 568 2591 et
589 2538 680 2592 arelit-

89 2617 145 2666 etae
159 2610 243 2664 lesus
261 2610 337 2673 terit,
358 2606 387 2662 in
403 2623 459 2677 qua
474 2608 582 2662 lruetus
598 2606 680 2677 justi·

89 2680 139 2737 tiae
158 2696 215 2735 non
235 2678 461 2735 invenianimi
480 2678 555 2734 enim
572 2678 617 2733 liri
638 2686 680 2733 est

89 2766 248 2824 synagoga,
263 2756 377 2820 propter
389 2749 601 2806 multitudinem
614 2766 678 2819 gra·

93 2838 200 2881 norum
211 2823 264 2878 sub
282 2838 337 2878 uuo
359 2823 474 2887 certine,
491 2821 521 2877 id
534 2822 678 2877 esthorni-

90 2910 160 2951 num
174 2894 227 2949 strb
239 2895 322 2963 nepe,
333 2900 361 2948 et
371 2909 438 2962 uua,
449 2892 555 2949 sriliret
566 2898 681 2963 prepter

93 2965 323 3023 uniformitatem
339 2966 425 3030 ritus;
441 2980 589 3034 quaeseeas
605 2967 679 3019 tricem

92 3042 169 3119 erat²
190 3038 257 3107 quia
274 3039 376 3106 Legem
403 3036 538 3102 lialwbat
556 3035 604 3090 sed
621 3050 679 3090 nou

89 3107 121 3165 in
141 3124 198 3176 rra,
218 3110 284 3178 quia
304 3123 359 3163 uon
389 3108 523 3163 credebat
548 3105 578 3161 in
598 3108 679 3162 Cirri-

92 3184 180 3243 stum,
197 3178 246 3250 qui
266 3185 309 3234 est
336 3178 400 3245 via;
419 3181 455 3235 att
478 3193 564 3304 siriam
591 3177 679 3245 venit,

90 3250 340 3324 perprasentiam
366 3265 554 3320 corpoream,
579 3254 607 3303 et
629 3264 681 3319 per

91 3324 255 3379 doctrinam
272 3321 447 3392 spiritualem
462 3338 469 3387 ;
484 3326 511 3377 el
538 3321 608 3376 nibil
639 3322 680 3375 iu·

90 3395 172 3450 venit
188 3392 273 3462 inea,
296 3394 361 3448 lieet
390 3392 510 3449 multum
533 3390 680 3463 quaesierit

91 3464 241 3534 exemptis.
263 3463 409 3531 doctrinis,
429 3466 518 3534 signis
539 3472 567 3520 et
598 3465 680 3519 mira-

91 3535 180 3601 culis;
198 3536 251 3590 rusi
267 3535 344 3601 lolia,
361 3536 387 3589 ist
400 3537 540 3590 minerba
556 3533 637 3604 Legis
652 3540 681 3588 et

92 3605 269 3665 traditiones
285 3605 616 3677 Pharisaeorumabsqoe
629 3605 679 3661 ul-

93 3678 129 3735 lis
143 3677 294 3735 fructibus.
322 3677 416 3734 Sanrti
441 3693 516 3733 emm
531 3678 638 3732 liabent
652 3685 679 3732 et

91 3748 164 3807 iolla
177 3750 342 3813 verborum,
366 3754 394 3805 et
408 3750 493 3805 liores
510 3764 633 3811 instrum,
653 3753 680 3803 et

93 3822 205 3877 tructus
234 3836 363 3891 operum.
394 3821 449 3876 Per
477 3819 562 3876 talem
594 3821 680 3875 etiam

93 3894 229 3950 arborem
241 3891 379 3948 virentem
392 3890 478 3955 loliis,
493 3896 518 3946 et
535 3895 679 3946 carentem

93 3964 243 4027 fructibus,
270 3969 387 4034 possunt
405 3961 526 4033 intelligi
549 3960 681 4033 hypocri-

95 4039 132 4091 tae
148 4042 178 4091 et
193 4033 328 4091 simulati.
346 4036 498 4090 existentes
512 4040 591 4089 extra
606 4033 680 4089 riam

93 4106 224 4179 justitiae.
239 4114 268 4162 et
288 4121 345 4187 non
364 4106 394 4162 in
412 4106 457 4161 ria
478 4104 561 4187 insiti,
577 4121 629 4186 per
643 4106 680 4160 si-

95 4177 284 4234 mulationem
311 4183 446 4233 virtutum
476 4179 541 4233 'olus
563 4192 682 4233 eircum-

96 4247 168 4321 tati,
179 4249 230 4307 sed
241 4264 260 4306 a
272 4250 367 4307 truetu
373 4247 492 4321 justitias
502 4247 599 4317 alieni;
613 4247 681 4320 quia

735 393 906 451 exteriorem
932 393 1131 467 apparentiam
1160 394 1320 454 sanctitatis

736 468 886 531 babentes,
899 466 1018 522 interius
1033 472 1099 522 sunt
1110 467 1190 522 raeui
1205 468 1240 522 ab
1255 484 1322 535 ope·

735 539 814 595 ribus
825 538 962 607 veritatis,
979 545 1007 593 et
1020 538 1198 607 inl'rurtuosi,
1215 545 1242 594 et
1255 538 1320 595 ideo

734 609 888 666 abomino
916 610 1071 678 maledicti,
1097 616 1164 665 sunt
1190 609 1263 665 aridi
1292 617 1321 667 et

736 682 854 737 brunore
873 681 1032 737 devotionis
1049 680 1161 750 privati.
1182 682 1261 737 Unde
1280 682 1320 738 ait

736 756 962 819 Clo-prostantis:
980 774 995 805 a
1011 755 1088 808 Folia
1103 756 1232 809 veritatis
1253 759 1321 810 sunt

735 825 844 896 speeies
853 825 1051 879 tantummodo
1062 823 1219 880 sanctitatis
1232 827 1259 880 in
1271 826 1320 880 lie·

736 898 885 959 mirream
903 898 965 952 sine
982 895 1041 952 ullo
1054 896 1145 952 lrurtu
1164 897 1251 952 verba
1269 913 1320 951 re-

736 967 844 1035 tipiuse.
872 968 1046 1037 Quicumque
1069 982 1137 1033 ereo
1159 967 1321 1036 religiosus,

734 1038 762 1094 ia
787 1044 830 1094 est
855 1040 942 1094 arbor
959 1037 1149 1105 rationabilis,
1171 1039 1321 1108 profitetur

734 1128 763 1166 se
780 1126 842 1166 esse
861 1108 920 1177 [lei.
938 1116 965 1166 et
978 1110 1117 1181 justitiam
1143 1126 1200 1165 neu
1219 1126 1319 1179 opera-

735 1189 790 1247 tur,
807 1187 849 1236 est.
865 1184 951 1237 arbor
965 1181 1162 1236 tantummodo
1182 1181 1250 1236 lolia
1268 1182 1318 1236 ba-

735 1254 805 1309 brus
818 1252 879 1307 sine
891 1252 986 1307 lruetu
1003 1270 1010 1320 ;
1026 1268 1108 1308 secus
1131 1250 1205 1308 riam
1222 1257 1318 1308 antem

735 1332 788 1391 est,
803 1325 885 1396 justa
914 1326 1063 1392 munuum,
1097 1324 1219 1380 mundus
1245 1322 1322 1378 euim

735 1395 780 1452 via
794 1402 836 1451 ee
855 1393 1023 1464 communis,
1047 1411 1096 1464 per
1112 1410 1198 1465 apuam
1222 1410 1321 1450 ornnes

736 1472 893 1529 transeunt,
905 1465 953 1537 qui
965 1471 1129 1523 naseuntur.
1141 1466 1320 1536 Quicumque

735 1555 803 1608 erpo
820 1540 904 1594 bourn
918 1538 1022 1605 fidelis,
1034 1539 1060 1592 irl
1077 1545 1119 1592 est
1132 1538 1218 1593 arbor
1235 1539 1319 1593 ratio·

736 1609 850 1675 nabilis‚
862 1610 942 1679 juxta
958 1609 1095 1665 mundum
1109 1611 1220 1677 vixerit,
1237 1625 1319 1664 uum-

735 1697 821 1751 quam
838 1686 930 1752 potest
949 1679 979 1735 in
1008 1696 1038 1735 se
1059 1680 1179 1752 justitia
1210 1681 1320 1736 t’ruetus

734 1759 841 1808 tenere.
860 1755 1051 1808 tran-euntes
1065 1753 1178 1808 enimet
1194 1758 1321 1808 retrans·

735 1829 833 1880 euntes
855 1825 1009 1892 (lemnum,
1030 1823 1073 1878 rel
1100 1822 1222 1879 ministri
1246 1822 1321 1893 ipse·

735 1912 798 1952 rum
822 1897 980 1966 perviam,
1007 1894 1037 1951 id
1056 1898 1099 1950 est
1123 1902 1257 1965 vagantes
1271 1909 1323 1966 per

736 1966 872 2022 muudum
894 1965 988 2032 istum,
1005 1971 1149 2021 excutiunt
1167 1982 1226 2021 ens.
1246 1965 1322 2022 Sient

735 2053 803 2107 ergo
816 2036 932 2091 ‹lit'sreile
948 2042 990 2092 est
1006 2036 1138 2093 arborem
1152 2037 1234 2106 Juxta
1246 2039 1322 2092 viam

737 2110 857 2179 positam
872 2108 977 2164 lrurtos
992 2124 1058 2163 suris
1076 2124 1165 2177 usque
1180 2107 1216 2162 ad
1232 2118 1322 2163 matu·

735 2181 848 2235 ritatem
861 2195 994 2247 servare;
1010 2182 1049 2235 sic
1075 2177 1192 2235 diltleile
1216 2185 1259 2235 est
1277 2177 1324 2232 ri-

736 2268 798 2306 rum
823 2251 935 2306 litlelem
959 2252 1040 2321 juxta
1073 2252 1154 2306 istum
1182 2251 1322 2307 muudum

735 2325 888 2389 viventem,
907 2325 933 2376 in
950 2324 1048 2391 ramis,
1062 2320 1090 2377 id
1105 2326 1147 2377 est
1170 2323 1198 2378 in
1212 2321 1321 2378 actibus

735 2394 791 2449 suis
818 2395 957 2466 justitiam
986 2393 1197 2450 immaculatam
1231 2408 1319 2463 usquo

735 2466 770 2521 ad
787 2465 873 2521 tinent
888 2482 1012 2521 serrare.
1027 2465 1055 2522 Si
1071 2464 1113 2520 ris
1127 2481 1195 2535 ergo
1211 2466 1323 2521 tructus

732 2536 850 2608 justitiae
868 2538 903 2591 ad
924 2538 1009 2592 linem
1026 2542 1134 2605 tenere,
1156 2537 1256 2591 reeetle
1285 2536 1320 2591 tle

736 2607 791 2677 via,
808 2613 836 2663 et
854 2607 981 2679 plantare
1008 2607 1036 2662 iu
1055 2608 1117 2663 loro
1146 2612 1267 2673 secrete,
1290 2610 1322 2662 ut

736 2695 788 2735 nee
812 2679 933 2734 mundus
959 2685 1052 2735 terum
1078 2679 1185 2748 aliquid
1217 2678 1322 2733 habeat

736 2766 897 2816 commune,
911 2765 963 2805 uae
973 2753 1001 2804 tu
1011 2765 1074 2805 eum
1088 2749 1195 2805 munde
1209 2766 1216 2804 :
1230 2767 1243 2799 s
1261 2749 1322 2803 hee

737 2825 951 2891 carpsostomns.
986 2822 1053 2877 Cum
1077 2822 1171 2891 itaqua
1194 2822 1323 2876 esuriens

736 2895 872 2949 Dorulaus
885 2895 952 2947 tirus
968 2891 1107 2962 quaesivit,
1125 2890 1231 2961 aliquirl
1245 2889 1323 2946 aliud

736 2980 766 3020 se
781 2979 909 3035 quaerere
925 2962 1105 3033 significarit,
1127 2978 1184 3017 nou
1199 2961 1275 3017 enim
1290 2960 1323 3015 fi·

737 3051 796 3103 eus,
807 3036 855 3090 sert
867 3034 963 3098 fidem,
975 3049 1067 3104 nequa
1082 3033 1189 3089 tructus
1200 3034 1322 3101 arboris,

737 3106 785 3163 sed
803 3106 912 3161 fructus
927 3106 1021 3176 operis
1048 3103 1242 3175 qistesirit.E1
1270 3103 1324 3158 hoe

737 3194 817 3248 erge,
833 3176 989 3233 seeundum
1008 3176 1119 3233 Rectum.
1145 3180 1223 3246 patet
1245 3173 1322 3245 quod

737 3248 809 3306 sieut
825 3247 962 3304 Domitius
977 3249 1064 3303 multa
1079 3246 1150 3303 elisit
1160 3247 1188 3302 in
1202 3247 1322 3318 parabo·

736 3322 781 3389 lis,
796 3320 837 3375 ita
851 3324 877 3375 et
893 3318 967 3374 leeit.
982 3321 1038 3375 Cur
1051 3317 1127 3374 enim
1143 3318 1170 3373 iu
1188 3319 1240 3374 ssru
1258 3319 1323 3374 lru-

737 3398 814 3448 etum
836 3396 990 3462 quareret,
1006 3390 1087 3461 eujus
1104 3395 1214 3471 tempus
1240 3405 1321 3445 neu-

736 3464 802 3518 dum
817 3478 879 3520 esse
891 3462 1009 3533 quilibet
1024 3463 1109 3517 horno
1131 3467 1225 3521 sciret.
1243 3470 1270 3518 et
1285 3461 1322 3518 ob

737 3536 842 3590 ideam
870 3540 985 3589 aterum
1013 3532 1173 3590 sterilitatis
1197 3533 1321 3589 maledi-

736 3608 829 3662 ctione
841 3605 1089 3672 ‹lamnaret'lQura
1099 3607 1222 3676 plebem,
1235 3620 1321 3677 quam

736 3679 856 3734 docebat
869 3679 966 3737 verbo.
985 3675 1086 3733 terruit
1101 3678 1186 3746 laeto,
1206 3693 1242 3732 ne
1257 3674 1322 3746 quis

735 3750 844 3805 habeus
868 3749 947 3813 lolia,
968 3746 997 3803 id
1025 3756 1069 3804 est
1094 3748 1182 3804 verba
1204 3748 1322 3817 justitias

737 3822 798 3877 sine
814 3821 907 3875 irnetu
921 3834 1051 3890 operum,
1072 3826 1216 3875 merentur
1231 3815 1322 3873 eneidi

736 3897 763 3947 et
775 3891 804 3947 in
816 3890 910 3962 ignem
924 3890 1034 3963 projici.
1048 3893 1231 4014 Unaqnniffiue
1244 3886 1320 3967 enirn

737 3965 823 4019 artior
839 3980 894 4019 nisu
910 3963 945 4018 tle
959 3963 1089 4027 llnribus,
1106 3976 1163 4015 non
1202 3974 1217 4013 e
1234 3957 1321 4038 loliis,

738 4035 786 4089 sed
802 4034 836 4089 de
855 4035 947 4090 lrurtu
977 4049 1027 4088 sno
1055 4029 1251 4100 engrre=eitur3
1282 4043 1324 4084 sle

738 4105 930 4177 unusquisque
950 4106 1034 4159 heimo
1056 4118 1114 4156 nou
1140 4101 1174 4181 de
1201 4098 1324 4155 nst-ima·

736 4178 814 4233 tione
828 4178 923 4245 lamae,
939 4176 983 4231 vel
999 4174 1034 4230 de
1047 4187 1187 4228 sermonis
1201 4186 1321 4243 pompa;

737 4249 787 4305 sed
802 4249 838 4305 de
857 4261 975 4305 suarum
996 4241 1160 4301 testimonio
1186 4243 1325 4314 probatur
