2820 4928
831 154 848 203 j

844 200 873 227 ιι

84 322 132 383 282
435 325 593 379 SECUNDAE
621 324 745 379 ilaris
772 323 877 378 catur
903 322 971 377 xli

84 436 163 494 nitur
176 433 211 492 de
224 434 271 493 die
282 430 546 561 judieiipeneralis,
562 431 675 514 morali·

86 512 131 565 ter
184 513 238 564 test
252 505 372 578 intelligi
408 521 423 561 e
439 504 485 561 die
497 503 597 575 judicii
611 520 675 576 par·

88 579 144 637 tien
159 578 285 650 ansoni
295 584 338 635 est
347 576 408 634 dies
417 576 515 633 mortis
526 576 676 648 cujuslibet

88 650 227 719 hominis;
242 650 318 707 diem
333 651 408 706 enirn
424 649 523 705 mortis
540 665 598 705 suae
612 650 674 705 nul-

729 430 794 488 ideo
804 434 848 488 est
861 429 944 488 nobis
957 426 1147 501 vigilandum
1156 426 1195 484 de
1207 425 1261 483 hac
1268 424 1317 509 dig,

731 503 803 561 sicut
813 503 847 561 de
859 502 908 559 illa
917 501 1039 559 sollicite
1049 498 1254 569 cantandum,
1262 513 1319 570 qiua

731 575 822 647 qualis
835 573 955 648 quisque
966 573 1072 632 exierit
1085 573 1127 630 de
1143 571 1319 637 boemundo,

730 647 796 704 talis
818 645 1041 720 praesentabitur
1064 644 1160 703 etiam
1185 642 1218 700 in
1236 643 1320 699 tuturo

89 723 133 779 lus
147 721 211 794 scit,
227 721 282 779 nisi
298 724 373 779 Deus
387 719 442 779 eibi
457 721 634 791 revelaverit,
648 724 677 777 et
727 718 846 793 judicio.

636 896 766 957 ORATIO

123 1080 242 1139 Domina
266 1083 334 1138 lesu
352 1078 471 1150 Christe,
488 1077 552 1137 veni
568 1079 603 1136 ad
618 1095 664 1137 me
683 1077 711 1136 in
726 1076 849 1136 nubibus
862 1077 1052 1160 prenitentiae,
1070 1084 1103 1137 et
1122 1095 1176 1137 cor
1192 1081 1320 1140 meunin

87 1154 213 1238 pluviam
229 1153 419 1224 lacrymarum
433 1153 542 1210 resolve
555 1171 562 1224 3
576 1152 646 1224 ejice
674 1150 704 1207 in
731 1155 873 1223 potestate
895 1150 1029 1207 vinorum
1048 1150 1215 1221 daemonia‚
1232 1162 1261 1210 et
1274 1171 1320 1211 ma

85 1232 189 1299 pestate
207 1226 235 1282 in
249 1240 294 1281 nne
308 1241 406 1296 regna.
424 1227 477 1281 l'ac
492 1241 578 1293 me,o
594 1228 691 1280 nostra
709 1223 887 1294 Redemptio,
909 1222 946 1279 ad
964 1227 992 1279 le
1015 1223 1167 1297 respicere
1184 1225 1319 1283 interiori·

87 1302 140 1355 bus
154 1296 255 1363 oculis,
269 1300 298 1354 et
310 1297 404 1353 levare
419 1303 503 1369 caput
523 1295 644 1364 mentis;
660 1296 697 1352 da
711 1294 780 1351 milri
795 1294 892 1352 videre
904 1293 1069 1363 ficulneam,
1089 1296 1205 1354 sentire
1223 1297 1319 1355 scilicet

87 1376 142 1426 tuce
157 1369 283 1425 caritatis
298 1367 487 1438 dulcedinem,
504 1374 534 1426 ut
547 1370 673 1425 omnium
689 1365 823 1423 virtutum
839 1368 958 1423 arbores
977 1367 1141 1439 producant
1162 1367 1195 1424 in
1213 1385 1258 1426 ine
1273 1371 1320 1426 lru·

87 1445 162 1499 ctum
178 1442 317 1497 bonorum
332 1456 451 1512 operum
465 1457 472 1508 ;
489 1446 516 1496 et
535 1439 603 1496 mibi
617 1455 705 1512 prope
719 1441 755 1495 sit
768 1445 851 1494 aestas
865 1438 945 1511 regni
965 1438 1118 1497 coelorum.
1131 1440 1246 1497 Praesta
1259 1441 1318 1498 mibi

86 1528 186 1569 cavera
201 1511 296 1569 omnia
312 1511 389 1580 vitra,
409 1517 437 1568 et
448 1512 565 1584 vigilare
583 1513 611 1566 in
627 1511 755 1568 oratione
771 1509 917 1580 continua,
932 1516 964 1568 ut
978 1526 1094 1569 merear
1108 1512 1192 1570 mala
1206 1520 1317 1571 ventura

86 1586 195 1658 lugere,
212 1589 241 1641 et
254 1584 285 1641 in
299 1582 409 1655 judicio
426 1591 493 1641 anto
507 1589 535 1640 tc
549 1599 669 1640 securus
684 1586 773 1640 stare.
789 1583 889 1639 Amen.

580 1906 719 1982 CAPUT
735 1909 825 1982 XLV

88 2143 126 2190 bs
139 2143 191 2189 bis
207 2142 312 2189 uotum
327 2141 426 2190 JUXTA
443 2142 605 2188 exaltentur
619 2141 677 2188 NOE
691 2139 745 2188 VEL
765 2134 845 2187 torn
861 2139 967 2188 sustro
981 2139 1135 2202 intruso,
1152 2144 1193 2190 Ac
1209 2145 1247 2190 bc
1263 2143 1316 2191 utto

470 2223 627 2270 Assumo
650 2223 689 2268 ΕΤ
711 2222 781 2269 atto
802 2223 934 2269 nemeto.

394 2398 520 2459 llattbaei
535 2416 598 2475 cap.
613 2402 698 2462 xxiv
712 2407 741 2462 et
756 2404 838 2463 Lueae
856 2420 919 2479 cap.
933 2405 1016 2463 xvii.

130 2607 140 2642 1
172 2583 330 2642 sinaeum
359 2599 394 2639 nu
423 2600 590 2641 rnuroninns
618 2586 677 2642 Noc

92 2673 205 2713 scurra.
221 2686 256 2698 -
272 2656 339 2712 Post
359 2655 420 2712 hacc
443 2657 569 2714 declarat
587 2655 676 2713 incer·

86 2728 237 2785 titudinem
262 2726 317 2784 diei
348 2727 471 2794 Domini,
491 2727 675 2786 introducens

85 2804 225 2857 terrorem
241 2798 378 2871 insperati
396 2798 504 2863 diluvii,
517 2805 544 2856 et
555 2801 574 2856 b
586 2810 675 2858 irtaus

86 2877 119 2930 ut
133 2872 294 2944 vigilemus,
308 2876 337 2927 et
352 2887 404 2929 nos
417 2887 612 2944 preparemus
629 2874 674 2929 be·

85 2960 122 3001 ne
141 2937 299 3016 operando,
314 2959 349 2999 ne
375 2943 436 3000 dics
456 2942 570 3001 Domini
593 2944 674 3001 inve·

86 3013 148 3071 nial
172 3032 225 3071 nos
249 3014 415 3087 imparatos.
432 3018 462 3071 ln
483 3017 555 3073 lianc
577 3020 674 3073 autern

87 3086 330 3158 comparationem
352 3086 490 3155 temporis
515 3087 626 3160 judicii,
648 3097 675 3144 et

87 3157 175 3230 ipsius
192 3158 302 3227 diluvii,
326 3159 510 3231 implicantur
530 3160 586 3216 duo
601 3159 675 3232 judi·

88 3229 133 3285 cia
148 3230 313 3302 generalia:
330 3247 417 3288 unum
428 3230 502 3302 quod
516 3231 673 3303 praecessit,

88 3300 197 3357 scilicet
215 3317 266 3372 per
290 3317 394 3373 aquam
411 3306 437 3359 in
452 3302 576 3371 diluvio;
598 3303 675 3359 aliud

87 3373 163 3442 quod
177 3372 301 3427 futurum
316 3375 370 3439 est,
391 3373 499 3429 scilicet
514 3373 674 3445 perignem

88 3444 116 3498 in
138 3440 265 3514 generali
292 3442 435 3499 incendio.
463 3444 582 3499 Ponitur
605 3461 673 3511 ero

86 3516 272 3584 comparatio,
289 3518 429 3583 quantum
445 3514 481 3570 ad
497 3462 674 3571 incertitudi-

86 3600 151 3642 nem
168 3585 327 3654 utriusque,
344 3584 440 3654 quoad
455 3592 569 3657 tempus
580 3586 674 3642 deter-

87 3655 240 3722 minatum,
256 3661 285 3712 et
299 3657 385 3712 etiarn
405 3658 499 3728 quoad
522 3657 674 3714 increduli-

87 3733 175 3786 tatem
207 3729 361 3785 multorum
395 3729 564 3786 carnalium.
598 3731 675 3788 Sicut

87 3806 183 3859 autem
209 3803 239 3856 in
261 3800 357 3856 diebus
379 3803 444 3868 Noe,
459 3817 492 3857 eo
519 3801 675 3860 lubricante

89 3888 198 3941 arcam,
211 3878 239 3929 et
263 3871 434 3943 praedicante
452 3872 589 3930 diluvium
605 3875 677 3932 lutu-

85 3959 160 4007 rum,
169 3947 211 4000 ilo
221 3946 274 4000 erit
283 3950 309 4000 et
320 3945 455 4000 aduentus
468 3947 533 4000 Filii
543 3947 673 4003 bominis.

89 4017 255 4074 sicutenim
277 4021 356 4073 erorn
369 4019 399 4073 in
416 4017 512 4073 diebus
528 4023 592 4073 ante
605 4019 677 4074 dilu-

84 4089 162 4144 vium
176 4086 307 4145 homines
320 4089 487 4145 comedentes
501 4093 527 4145 et
543 4088 675 4159 bibentes,

86 4157 220 4215 nubentes
246 4163 272 4215 et
293 4165 396 4231 nuptui
421 4161 571 4225 tradentes,
591 4159 619 4217 id
633 4166 677 4218 est

91 4229 177 4301 gulae,
191 4234 219 4286 et
235 4228 377 4300 ebrietati,
393 4248 426 4288 ac
442 4232 559 4291 luxurie
577 4231 676 4302 dediti,

94 4305 123 4362 el
137 4300 199 4361 sine
212 4302 317 4360 timore
335 4301 513 4364 lascivientes
525 4306 632 4379 securi,
651 4309 678 4363 el

731 2585 772 2643 cis
786 2587 902 2644 credere
915 2585 1088 2656 nolentibus,
1103 2602 1137 2644 ao
1147 2585 1320 2645 vanitatibus

731 2658 913 2729 vacantibus,
929 2666 956 2715 et
975 2658 1044 2716 nibil
1070 2659 1255 2727 timentibus,
1274 2675 1318 2716 su-

730 2731 789 2788 bito
812 2733 887 2786 senil
907 2732 1055 2797 diluvium,
1072 2732 1150 2801 quod
1172 2730 1321 2788 submersit

730 2808 756 2858 el
769 2803 897 2874 perdidit
912 2819 1013 2866 omnes,
1030 2808 1134 2873 praeter
1145 2805 1205 2859 Noe
1221 2809 1319 2859 etcum

730 2890 764 2931 eo
782 2873 812 2930 in
831 2890 899 2930 arca
916 2874 1082 2943 existentem
1099 2875 1252 2931 secundum
1269 2876 1320 2930 laec

730 2949 852 3017 eritque
873 2947 919 3002 die
931 2947 1021 3002 Filius
1045 2947 1167 3002 bominis
1188 2947 1319 3002 revelabi·

730 3023 787 3085 tur,
802 3017 830 3073 id
850 3023 894 3074 est
912 3017 952 3074 sic
975 3021 1003 3075 el
1029 3016 1105 3074 circa
1126 3016 1204 3074 diem
1222 3017 1318 3089 judicii

732 3088 893 3146 hominibus
919 3089 1086 3146 vacantibus
1112 3089 1318 3161 voluptatibus,

730 3166 759 3218 et
779 3160 963 3229 vanitatibus,
977 3177 1011 3218 ac
1032 3159 1062 3216 in
1085 3160 1240 3218 securitate
1262 3159 1319 3218 exi·

731 3231 882 3299 alentibus,
894 3238 922 3289 et
935 3235 970 3289 de
985 3232 1064 3289 nullo
1079 3231 1260 3301 timentibus,
1271 3232 1318 3289 ad·

732 3313 835 3361 ventus
848 3303 952 3361 Christi
966 3306 1060 3360 subito
1075 3309 1104 3360 et
1119 3303 1266 3375 insperate
1278 3320 1321 3360 ve·

731 3377 807 3444 niet;
834 3382 863 3432 et
885 3392 985 3433 omnes
1004 3391 1075 3447 quos
1096 3376 1222 3447 reperiet
1245 3386 1320 3432 extra

732 3463 839 3515 arcam,
857 3445 887 3503 id
914 3453 959 3504 est
975 3454 1055 3504 extra
1073 3449 1242 3516 Ecclesiam,
1258 3462 1319 3519 per·

732 3519 779 3575 del
798 3527 827 3576 et
850 3517 1066 3586 condemnabit;
1082 3518 1133 3575 sed
1149 3520 1180 3575 in
1198 3519 1321 3576 Ecclesia

731 3606 782 3662 per
796 3591 881 3647 fldem
905 3597 934 3647 et
956 3592 1152 3718 operationem
1168 3592 1322 3647 existentes

731 3661 873 3719 custodiet
899 3666 926 3718 et
946 3678 977 3718 sa
992 3660 1077 3718 rabit.
1096 3681 1110 3714 v
1127 3663 1190 3718 Non
1218 3661 1276 3731 bic,
1292 3670 1322 3719 ut

731 3733 800 3790 dicit
827 3735 911 3800 Reda,
936 3734 1080 3806 conjugia,
1109 3733 1154 3789 vel
1182 3733 1322 3791 alimenta

731 3805 923 3874 damnantur3
940 3806 990 3861 sed
1007 3804 1216 3861 immoderatus
1230 3804 1321 3863 licito·

733 3893 795 3933 rum
811 3892 878 3933 usus
891 3875 1030 3948 arguitur.
1046 3877 1144 3947 Neque
1158 3875 1240 3933 enini
1256 3876 1323 3949 quia

733 3949 793 4005 baec
807 3950 941 4015 arebant,
956 3948 1006 4016 sed
1029 3946 1096 4030 quia
1118 3945 1163 4004 his
1195 3963 1226 4005 se
1249 3955 1323 4006 totos

732 4020 862 4077 dedendo
886 4019 937 4076 Dei
954 4019 1063 4092 iudicia
1087 4020 1323 4090 contemnebant,

732 4107 806 4164 aqua
829 4090 999 4163 perierunt:
1018 4111 1032 4144 n
1048 4091 1110 4148 bear
1124 4091 1212 4149 sedo.
1234 4094 1325 4150 lnler·

732 4163 788 4219 itus
799 4162 914 4234 quidem
927 4162 1041 4220 illorum
1060 4165 1124 4220 erat
1141 4163 1324 4232 subitaneus,

732 4250 791 4292 non
806 4233 871 4306 quia
881 4233 1073 4292 anteminime
1088 4238 1257 4305 nuntiatus,
1274 4235 1326 4294 sed

732 4304 832 4382 quiae
849 4305 928 4366 nullo
952 4306 1089 4366 creditus.
1116 4307 1198 4368 Unde
1224 4309 1325 4370 raai-
