2820 4928
87 320 118 373 'in'
450 320 607 373 sectiles
635 316 753 373 ratris
780 317 886 370 dteor
916 319 951 372 Xl

89 442 178 496 mam,
194 422 430 483 atrioleutiorllt
453 422 566 495 cupido.
588 422 676 477 »Nun

89 499 181 555 solum
206 501 301 553 autem
330 493 499 551 divitiarum
522 493 675 566 possessio,

88 570 139 627 scd
163 567 248 624 ctimn
264 582 361 622 rerum
384 568 505 622 aliarum
528 565 677 622 diversitas

90 640 236 698 huminem
262 655 279 694 a
305 640 355 695 ilci
379 639 620 707 comtemplatione
649 642 677 693 et

88 713 216 786 perlecto
231 725 327 766 timore
338 709 454 780 impedit
462 717 491 767 ot
502 712 611 766 avertit.
623 711 676 765 Uu-

90 786 125 840 de
153 787 193 840 ait
212 785 440 851 Aequatinuscn
467 781 676 864 'temporalium

88 871 185 911 rerum
205 854 417 911 multiformitas
435 855 471 911 ab
492 858 600 910 unitate
627 854 676 909 Uei

88 927 233 984 hominem
249 942 300 998 per
314 925 443 982 carnales
458 942 560 983 sensus
579 926 675 981 diver·

87 999 180 1069 berit,
193 1004 222 1054 et
239 998 367 1055 mutabili
382 997 518 1056 varietate
533 999 595 1071 ejus
607 997 674 1053 alle·

88 1076 166 1127 ctum
180 1069 359 1141 multiplicat.
370 1071 458 1138 Quem
470 1087 539 1139 ergo
552 1069 675 1126 delectat

88 1141 215 1211 libertas,
231 1142 266 1199 ab
289 1158 387 1200 amore
408 1142 586 1200 mutabilium
603 1142 676 1198 liber

87 1231 150 1273 esse
165 1218 297 1287 appetam
315 1220 342 1270 et
356 1230 441 1286 quem
456 1232 578 1287 regnare
594 1214 673 1271 dele·

88 1293 156 1355 ctat,
169 1284 219 1344 uni
233 1285 361 1344 oninium
375 1287 519 1359 regnatori
535 1289 593 1343 Deo
607 1286 675 1343 sub·

88 1358 165 1417 ditus
191 1358 308 1416 haereat.
326 1379 340 1413 e
370 1362 405 1415 Et
431 1359 555 1417 iterum:
584 1380 599 1411 «
616 1360 675 1414 Duo

89 1435 156 1488 sunt
173 1448 297 1499 amores,
315 1432 413 1487 mundi
429 1437 458 1487 et
472 1433 531 1488 Dei.
548 1428 577 1487 Si
592 1445 675 1486 mun·

89 1502 118 1559 di
144 1518 226 1559 amor
242 1500 362 1565 habitat,
377 1517 435 1557 non
455 1506 499 1558 est
515 1517 570 1573 quo
588 1498 676 1557 intret

89 1588 170 1629 amor
186 1572 245 1628 Dei.
262 1575 330 1630 Cum
348 1573 511 1629 exhauseris
533 1587 582 1628 cor
597 1581 675 1629 tuum

88 1645 125 1701 ab
149 1659 246 1700 amore
266 1649 392 1711 terreno,
419 1644 533 1699 hauries
548 1659 675 1701 amorem

89 1713 228 1772 divinum.
241 1734 256 1764 »
271 1714 349 1770 Unde
359 1720 388 1770 et
400 1715 565 1783 Greperius:
578 1737 592 1768 n
606 1717 675 1772 Cum

88 1784 243 1858 cupiditate
271 1790 394 1842 terreuae
412 1787 577 1844 stilistuutiae
601 1789 675 1844 treus

90 1874 146 1915 uon
159 1855 369 1929 diligitur‚quia
382 1867 509 1916 terrenus
517 1875 598 1916 amor
609 1875 675 1915 ocu·

87 1927 147 1986 lum
162 1928 266 1985 mentis
280 1929 430 1987 sordidans
444 1942 620 2000 exraecntme
635 1931 676 1987 di-

87 2000 154 2059 vina
171 1999 286 2059 claritas
312 2005 451 2060 rideatur.
476 2006 533 2061 Nec
560 2006 674 2063 mirum.

89 2074 236 2143 Quomodo
253 2073 329 2131 anim
346 2075 465 2146 diligere
486 2082 578 2148 potest
592 2091 676 2147 quem

88 2145 198 2204 nescit?
212 2148 267 2202 Aut
292 2148 436 2218 quomodo
460 2148 524 2217 scit,
539 2148 575 2205 ed
590 2163 676 2230 quern

88 2218 273 2274 nesciendum
283 2218 397 2274 oeulum
413 2218 506 2275 cordis
517 2218 624 2276 claudit
636 2221 673 2275 t»

88 2288 169 2345 Unde
191 2288 278 2344 etiam
301 2291 533 2358 Glrpsostomus:
557 2314 566 2339 ·
587 2293 676 2347 Fumo

89 2358 198 2417 similes
213 2365 280 2415 sunt
291 2359 424 2418 liumanae
440 2377 495 2417 res.
509 2361 582 2418 Nihil
598 2362 676 2419 enim

89 2429 131 2488 ita
150 2432 300 2488 contristat
323 2434 425 2489 animae
442 2434 555 2491 oculum
574 2439 603 2490 et
617 2440 676 2490 tur-

88 2502 149 2572 bat,
166 2508 196 2559 ut
211 2501 275 2559 vitae
289 2503 374 2575 hujus
389 2520 522 2561 curarum
538 2508 634 2568 turta.
647 2511 677 2562 et

88 2573 384 2646 concupiscentiarum
412 2577 578 2645 multitudo;
615 2579 676 2634 hac

89 2644 166 2703 euim
181 2644 251 2702 lumi
262 2647 347 2717 liujus
360 2655 424 2704 sunt
435 2648 543 2721 ligna.»
559 2651 637 2706 Unde
648 2653 677 2706 ct

88 2719 253 2775 Anselmua:
269 2740 284 2769 a
296 2719 323 2775 si
333 2720 443 2776 risesse
458 2720 675 2791 quietus,nrlse-

88 2791 143 2846 culi
159 2795 286 2862 appetas.
298 2791 416 2863 Semper
429 2792 556 2864 requiem
571 2793 675 2849 mentis

86 2861 216 2931 habebis,
229 2861 252 2917 si
267 2878 285 2919 a
299 2867 326 2920 te
341 2863 440 2921 mundi
458 2880 541 2921 curas
560 2867 674 2935 alijece·

88 2932 137 2991 ris.
154 2933 205 3003 Qui
226 2934 302 2991 euris
325 2935 447 2993 terrenis
461 2953 492 2993 se
509 2937 676 3011 implicata

88 3007 139 3089 Uei
153 3023 251 3064 aurore
266 3024 296 3064 se
311 3015 433 3092 separat.
451 3012 513 3065 »Et
528 3018 558 3067 ut
570 3008 675 3078 inpau-

88 3094 130 3135 crs
150 3084 239 3136 multa
261 3078 414 3151 intelligas,
436 3086 552 3137 attende
582 3097 676 3153 pziuca

87 3151 341 3218 secundanorum·
355 3152 396 3208 sic
411 3151 531 3209 dicentis
546 3170 553 3209 :
571 3177 581 3205 ι
600 3153 673 3209 ltilul

87 3220 150 3347 plus
173 3223 239 3277 novi
258 3238 330 3285 esse,
350 3238 435 3293 quam
454 3224 508 3279 ista
529 3224 675 3280 sensibilia

8 3292 18 3311 ⁹
100 3293 232 3361 ugienda.
251 3312 266 3342 »
282 3292 333 3349 Cui
348 3296 504 3350 concordat
514 3297 675 3364 Dionysius,

87 3362 136 3434 qui
151 3361 191 3418 sie
206 3362 275 3418 dicit
290 3381 297 3418 ι
315 3386 330 3416 o
341 3364 512 3437 [derelinque
527 3382 634 3437 sensus,
648 3372 677 3423 et

88 3432 185 3491 omnia
197 3433 352 3491 sensibilia.
369 3457 383 3484 ι

122 3506 250 3577 7ldonus
294 3522 471 3570 nunnnurnsx
505 3524 676 3567 rauronnem

88 3592 250 3634 nsricieunr.
266 3607 300 3620 -
326 3579 377 3647 Qui
404 3580 490 3637 habet
516 3597 600 3638 aures
624 3597 675 3638 au-

87 3646 195 3718 diendi,
224 3648 286 3705 haec
309 3666 399 3722 pauca
426 3653 513 3709 verba
540 3653 676 3726 predicta

89 3718 205 3803 audiat,
237 3725 266 3777 et
298 3723 384 3781 eorde
417 3725 576 3798 intelligat3
608 3724 675 3797 quia

88 3795 178 3849 multa
193 3809 221 3849 m
237 3791 279 3850 eis
294 3794 392 3865 latent,
405 3811 468 3867 qum
485 3797 564 3854 vanis
576 3803 604 3854 et
619 3800 673 3853 dis

87 3863 188 3922 solutis
207 3881 264 3922 non
288 3875 436 3938 apparent.
460 3870 540 3926 Unde
560 3868 673 3926 cuidam

87 3938 121 3993 de
137 3936 276 3995 sermonis
292 3939 466 3995 abimdantia
480 3941 610 4007 sollicito,
627 3941 673 3997 di·

87 4014 162 4066 ctum
178 4015 221 4066 est
240 4010 270 4066 iu
284 4010 384 4082 spiritu
401 4011 451 4067 :Si
467 4015 507 4066 vis
522 4012 595 4068 seire
609 4028 672 4067 om·

86 4078 132 4137 nia
157 4081 351 4154 predicanda,
373 4089 440 4140 tunc
463 4099 564 4155 separa
591 4092 616 4138 te
634 4085 670 4140 ab

86 4155 286 4220 exterioribus,
304 4156 421 4225 purifica
435 4161 464 4212 te
476 4173 493 4212 e
505 4154 670 4226 temporali·

731 420 838 477 buntur
854 418 904 477 libi
920 418 1027 477 divina.
1043 422 1124 480 Eece
1139 424 1170 481 in
1180 426 1322 487 historiis

729 497 823 548 tutum
839 499 881 574 est
900 493 1042 549 inclusum
1057 495 1142 564 quod
1162 506 1212 554 est
1231 502 1322 571 predi-

730 570 825 620 catum
843 580 850 618 :
871 580 966 636 imago
984 564 1062 621 enim
1082 571 1135 622 tua
1156 569 1258 641 imago
1280 575 1320 630 Uei

731 642 792 705 est;
810 638 918 705 depone
941 652 1010 708 ergo
1031 639 1069 694 nb
1088 654 1127 694 ee
1147 657 1239 699 omne
1256 646 1320 716 quod

730 707 785 764 sibi
797 707 931 764 accidens
947 714 997 774 cst,
1013 715 1041 764 et
1057 712 1222 781 appan-nii
1238 715 1285 772 tini
1298 717 1321 772 in

729 795 774 844 aa,
785 781 859 851 quod
874 779 1002 836 divinum
1017 785 1070 837 est.
1085 784 1121 838 Ut
1137 792 1241 842 autem
1256 788 1320 844 utili-

729 856 773 908 ter
787 851 823 909 ad
844 854 1011 924 temporalia
1025 860 1053 909 et
1073 860 1192 912 aeterna
1207 860 1320 929 periente

728 929 756 981 te
772 925 889 993 habeas,
907 924 976 980 scito
991 926 1067 997 quod
1088 930 1269 998 temporalia
1281 933 1320 987 de

727 996 779 1052 bes
793 995 920 1067 aspicere
935 997 988 1053 suli
1007 1012 1097 1053 sensu
1115 1001 1296 1071 quadruplici
1311 1021 1317 1058 :

727 1067 940 1139 primo,acilicet
949 1074 980 1123 ut
992 1073 1144 1139 tamquam
1156 1075 1319 1145 preregrinus

727 1143 756 1196 et
770 1142 880 1196 advena
894 1138 999 1196 sentias
1018 1140 1121 1199 omnia
1142 1149 1178 1199 ut
1194 1152 1320 1203 extranea

728 1219 757 1268 et
772 1211 876 1279 aliena,
893 1212 1022 1282 ita'quod
1043 1216 1098 1269 tua
1115 1218 1212 1272 restis
1230 1216 1266 1272 sit
1278 1227 1318 1273 tuo

726 1281 820 1341 senui
844 1291 989 1347 extranea,
1005 1298 1038 1339 ac
1062 1286 1089 1340 si
1111 1295 1192 1343 esset
1209 1289 1318 1360 alicujus

727 1356 764 1412 de
778 1355 887 1413 Graecia
900 1355 944 1410 ecl
963 1354 1062 1424 lndia3
1086 1360 1234 1428 secundo,
1253 1361 1318 1418 utin

727 1432 776 1484 tuo
792 1444 844 1485 usu
859 1443 972 1483 omnem
993 1428 1211 1488 abundantiam
1228 1432 1319 1489 timeas

727 1504 760 1555 ut
784 1515 937 1568 venenum,
962 1503 991 1555 et
1009 1515 1090 1556 mare
1110 1503 1317 1577 submergens,

727 1571 822 1639 tertio,
846 1570 920 1627 utin
936 1577 984 1627 tuo
1006 1587 1095 1627 sensu
1122 1589 1245 1633 omnem
1267 1577 1317 1633 ino·

728 1642 803 1713 piam
811 1650 839 1700 et
850 1648 1005 1711 egestatem
1018 1643 1129 1701 sentias
1140 1656 1173 1702 ut
1188 1664 1317 1712 iriensem,

727 1721 754 1770 et
765 1731 853 1773 ararit.
871 1722 898 1771 et
910 1715 1016 1771 scalam
1029 1717 1095 1773 vitae
1108 1724 1243 1785 ieternae,
1258 1726 1284 1777 et
1294 1728 1318 1775 ut

727 1785 1315 1859 speculumseuimnginemcrucisCliristq

728 1863 841 1929 quarto,
854 1864 884 1914 ut
898 1857 1012 1914 divitias
1029 1864 1058 1915 et
1074 1867 1240 1932 apparatus
1254 1862 1315 1919 diii-

727 1934 788 1987 tum
804 1929 843 1986 ita
869 1929 975 1986 sentias
996 1929 1047 1986 tibi
1065 1931 1237 2003 dittormes,
1252 1933 1317 2007 quod

728 2003 758 2058 in
772 2018 871 2058 eorum
885 2001 1023 2058 momoria
1035 2004 1079 2059 vel
1096 2013 1223 2075 aspectu
1238 2010 1316 2063 nuda·

728 2079 811 2130 tenus
820 2074 915 2130 valeas
924 2073 1060 2130 delectari
1072 2075 1119 2131 vel
1130 2078 1240 2145 laetari,
1251 2078 1315 2149 quod

727 2144 752 2201 si
773 2144 878 2202 videris
901 2152 928 2202 te
952 2145 982 2201 in
1010 2145 1052 2202 eis
1084 2150 1281 2220 congaudere,
1301 2165 1316 2204 a

729 2216 832 2273 Christi
849 2218 974 2289 gloriosa
987 2224 1162 2290 paupertate
1174 2227 1202 2277 te
1215 2222 1315 2279 estimo

728 2288 853 2346 alienum
870 2290 939 2346 lore.
952 2290 1130 2347 lluicautem
1141 2293 1315 2350 connectitur

729 2362 805 2434 quod
829 2360 859 2416 in
879 2376 1036 2433 pauperum
1061 2366 1091 2417 et
1120 2366 1314 2437 despertorum

729 2431 879 2501 memoria,
900 2440 943 2488 vet
970 2437 1098 2504 aspectu,
1119 2439 1271 2507 tamquam
1290 2435 1314 2491 in

729 2505 833 2562 Christi
861 2503 994 2575 pauperis
1020 2519 1152 2577 expressa
1187 2508 1315 2579 imagine.

728 2582 805 2633 totus
820 2576 970 2642 laeteris,et
980 2577 1021 2632 eis
1031 2576 1112 2648 quasi
1127 2581 1315 2649 renibusrum

729 2663 841 2730 summa
855 2648 1002 2705 alacritate
1021 2652 1051 2704 et
1066 2657 1233 2708 reverentia
1245 2666 1315 2708 asso·

729 2736 823 2776 cieris.

764 2796 781 2847 8
796 2792 886 2848 Oasin
899 2808 972 2848 noun
986 2807 1074 2847 onena
1088 2808 1228 2850 ancienne
1242 2810 1314 2851 seur.

728 2894 764 2905 -
778 2863 935 2921 Considera
949 2865 1034 2919 etiam
1050 2861 1096 2918 liic
1112 2866 1195 2934 quod
1207 2872 1243 2922 ad
1259 2881 1315 2939 per

728 2935 880 2992 lectionem
896 2951 953 2992 non
969 2934 1074 2990 sullicit
1086 2936 1223 3006 quaedam
1234 2952 1316 3010 opera

728 3007 815 3064 bona.
839 3013 866 3063 et
888 3006 1026 3078 quasdam
1045 3012 1167 3063 virtutes
1195 3011 1314 3077 lialiere;

729 3080 778 3135 sed
788 3078 1000 3150 oportetumniu
1011 3093 1063 3150 pro
1075 3094 1159 3148 posse
1169 3082 1314 3150 perlicere.

729 3153 809 3207 Unde
824 3153 1052 3220 chrysostomus:
1068 3172 1082 3200 u
1098 3152 1265 3221 Coiiwlctus
1278 3156 1316 3207 est

728 3221 780 3279 Dei
790 3222 919 3278 homoad
928 3237 1013 3277 omiie
1026 3237 1097 3290 opus
1106 3223 1318 3294 bonumpniple·

729 3301 773 3349 tus
789 3310 861 3361 non;
876 3299 906 3349 ut
916 3294 977 3348 haec
1002 3292 1117 3364 quidem
1131 3294 1248 3361 habeat,
1272 3294 1317 3350 illa

728 3382 795 3422 vero
813 3381 870 3422 non
887 3366 1002 3422 hancei.
1021 3364 1073 3431 Qui
1092 3380 1170 3421 enim
1186 3367 1253 3423 talis
1267 3371 1315 3433 eo,

728 3443 836 3494 nonest
848 3437 1016 3508 completus.
1027 3438 1096 3504 Quin
1109 3436 1188 3493 euim
1201 3439 1316 3507 utilitas,

727 3509 773 3566 dic
788 3506 869 3575 milri,
885 3524 949 3565 cum
964 3517 1028 3565 orat
1042 3506 1107 3579 quis
1119 3507 1246 3577 intense,
1261 3523 1316 3566 non

727 3585 896 3638 misereatur
910 3584 1005 3636 autem
1016 3579 1151 3636 abundet
1168 3585 1237 3652 Aut,
1252 3594 1315 3637 cum

727 3652 878 3710 miseretur
893 3650 957 3723 quis
966 3650 1090 3720 abunde,
1104 3667 1211 3709 avarus
1224 3659 1317 3709 autem

727 3729 756 3781 et
770 3723 909 3781 violentus
933 3722 1156 3788 cretensium,
1177 3740 1244 3781 eum
1263 3738 1316 3781 non

726 3811 831 3853 avarus
859 3799 908 3851 eut
937 3794 1077 3852 violentus
1103 3795 1252 3867 existens,
1282 3793 1316 3876 ad

725 3866 946 3925 ostentationem
963 3882 1030 3923 rere
1052 3866 1088 3922 sit
1104 3867 1254 3924 liominum
1270 3880 1315 3939 qur

724 3939 842 3995 rident‘l
853 3942 918 4004 Aut,
937 3953 1001 3995 cum
1014 3936 1185 3994 misercatur
1201 3939 1315 4009 quidem

724 4010 753 4066 iu
774 4010 802 4066 id
815 4014 891 4082 quod
907 4010 965 4066 Deo
984 4009 1106 4079 videtur,
1123 4010 1253 4066 elevetur
1265 4025 1315 4067 au·

723 4087 781 4139 tem
801 4083 855 4138 lroe
873 4081 935 4154 ipso
960 4087 988 4138 et
1006 4097 1110 4154 magna
1124 4082 1237 4151 sapiat?
1250 4086 1314 4149 Aut,

724 4170 788 4210 cum
824 4153 939 4211 humilis
984 4153 1101 4226 quidem
1142 4154 1256 4224 luerit,
1290 4157 1317 4209 et

86 4222 151 4292 bos,
171 4226 293 4285 liberum
308 4228 352 4285 tae
368 4234 397 4284 te
416 4244 434 4285 a
453 4226 627 4294 carnalibus,
644 4231 673 4282 ct
719 4223 838 4298 jejuniis
856 4224 1017 4294 intendens,
1041 4241 1144 4282 avarus
1168 4234 1266 4283 autem
1290 4228 1318 4281 et

86 4297 166 4370 erige
186 4302 216 4357 te
240 4300 278 4358 sd
301 4300 443 4372 eoelastia3
457 4304 488 4359 et
508 4297 672 4358 manifesta·
724 4300 896 4369 negotiator,
923 4302 953 4354 et
969 4305 1055 4356 terrae
1076 4297 1180 4355 aldius
1205 4302 1236 4356 ot
1255 4312 1315 4354 ma·
