2820 4928
232 338 272 392 ll}
297 334 428 391 DUOBUS
453 336 553 392 GAECIS
582 338 661 392 POST
689 338 867 393 tdbbsstlit
894 336 1036 391 tbbtttto
1065 338 1182 392 inlidit.
1279 341 1323 395 155

84 446 358 519 orationemque,
372 445 527 504 seeundum
541 447 683 503 Damasce-

84 538 172 591 nura,
187 526 231 578 est
248 534 386 577 ascensus
405 516 509 575 mentis
528 515 559 574 in
573 520 679 589 ileum3

86 598 124 653 et
137 594 181 650 sie
194 594 293 649 lesum
306 589 403 647 videro
417 594 557 658 meretum
573 594 602 646 et
617 606 681 659 par·

91 670 158 723 tem
183 664 325 723 bonorum
358 676 474 720 suorum
509 662 682 748 pauperibus

93 735 182 805 dare,
192 734 254 793 etsi
267 749 351 809 quem
366 733 545 791 defraudavit
560 734 682 791 tideliter

95 805 598 865 restituerererriiarisaeosautem
608 822 683 862 niur-

95 884 248 938 murantas
265 876 384 949 intelligi
402 882 521 949 possunt
539 877 681 947 maledici,

96 952 242 1010 bonorum
257 965 344 1033 opera
359 950 557 1021 depravantes,
572 955 600 1007 et
619 967 682 1022 quae

94 1024 173 1081 bene
187 1022 260 1081 fiunt
276 1038 308 1079 in
323 1021 428 1080 malum
443 1020 681 1093 interpretantes;

93 1094 150 1155 sed
173 1094 210 1153 de
233 1094 279 1151 liis
297 1109 354 1151 non
377 1099 422 1151 est
444 1094 614 1165 curandum,
631 1110 683 1151 nac

94 1167 164 1227 ideo
183 1182 202 1225 a
218 1166 295 1225 bono
319 1180 405 1239 opere
430 1165 609 1235 cessandum,
625 1165 682 1224 iino

93 1238 194 1313 potins
209 1244 239 1296 et
253 1235 356 1295 lortius
370 1236 397 1294 ei
413 1237 609 1295 insistendum.

134 1312 223 1369 Silua
240 1326 452 1367 simoniana
471 1327 573 1365 nenive
592 1327 682 1367 ivonini

98 1398 255 1447 manmena
267 1398 384 1440 manuni
395 1382 527 1440 Curianus
539 1399 608 1439 ruva
621 1398 684 1438 rno-

99 1455 253 1513 aosunairt
270 1483 306 1497 -
330 1456 374 1524 Et,
394 1454 461 1527 quia
488 1460 570 1511 eraut
595 1469 684 1527 prope

96 1526 269 1596 Jerusalem,
290 1541 355 1598 qnia
373 1532 417 1583 est
440 1534 524 1598 caput
547 1525 639 1597 regni,
656 1532 684 1581 et

96 1598 301 1659 existimabant
319 1597 408 1672 aliqui
431 1597 639 1656 Pharisaeorum
655 1601 685 1655 et

739 444 825 505 etiam
838 443 1051 517 discipulorum,
1063 445 1137 517 quod
1152 445 1248 503 statim
1260 462 1326 505 cum

740 525 815 575 esset
827 517 857 574 in
866 517 1033 587 Jerusalem,
1045 517 1274 577 manifestaretur
1284 536 1326 577 re·

739 606 828 661 gnum
851 591 912 662 ejus
935 605 1019 661 super
1044 590 1203 659 iudaeae
1227 591 1325 648 multis

740 662 817 720 euim
837 662 1005 718 credebatur
1028 662 1138 719 laturus
1159 678 1205 719 res
1227 662 1325 728 lsrael,

739 734 894 791 seeundum
910 734 985 805 quod
1005 732 1136 791 dixerunt
1155 734 1229 807 blagi
1248 752 1255 791 ι
1275 736 1327 792 Ubi

740 813 780 862 ost
799 809 849 877 qui
869 811 1007 861 natusest
1025 823 1075 861 rea
1091 808 1272 863 lactearum?
1294 808 1328 863 Et

740 877 794 951 ipsi
814 877 941 950 Apostoli
956 879 1122 949 quaerebant
1142 879 1177 935 ab
1195 896 1228 935 au
1246 881 1325 936 :llo-

740 954 823 1019 rm'rae,
840 954 866 1005 ai
879 954 909 1006 ia
926 955 1044 1021 tempore
1059 952 1108 1006 boe
1128 954 1267 1007 restitutos
1281 966 1326 1006 re·

740 1040 824 1092 gaam
841 1024 948 1078 irritet?
962 1022 1007 1078 Ad
1024 1022 1098 1078 liunc
1113 1038 1181 1093 ergo
1197 1037 1325 1079 errorem

742 1094 956 1160 removendum,
973 1092 1082 1149 inducit
1103 1093 1267 1164 parabolam
1291 1093 1326 1150 de

741 1166 857 1223 homine
873 1166 971 1233 nobili,
987 1165 1033 1236 qui
1049 1164 1119 1221 abiit
1136 1167 1165 1222 in
1180 1164 1327 1237 regionem

742 1236 939 1307 longinquam,
963 1242 992 1291 ot
1016 1235 1094 1291 dedit
1119 1237 1216 1292 decern
1237 1235 1326 1291 servis

742 1309 801 1366 suis
823 1309 921 1365 deceni
947 1307 1039 1363 minas
1060 1308 1095 1364 ad
1112 1307 1326 1377 negotiandum.

742 1382 898 1452 Quae,quia
908 1379 937 1436 in
947 1379 1087 1436 sententia
1095 1380 1247 1436 concordat
1262 1393 1326 1434 cuin

742 1452 798 1510 alia
820 1453 955 1524 parabola
976 1467 1039 1522 qum
1059 1451 1132 1507 inlru
1153 1452 1188 1507 de
1212 1450 1327 1507 talentis

743 1523 857 1592 dicitur,
873 1524 937 1581 ideo
956 1524 1017 1582 hiae
1041 1523 1147 1583 ibidem
1160 1523 1243 1581 simul
1263 1537 1327 1578 rum

743 1597 793 1654 illa
807 1597 1000 1671 conjungitur.

653 1794 781 1853 ORATIO

133 1971 256 2030 Domina
272 1973 342 2029 lesu
356 1967 478 2038 Christe,
491 1967 539 2040 qui
554 1969 703 2027 zachaeum
716 1969 745 2025 in
760 1983 939 2039 sycomorum
953 1967 1153 2024 ascendentem
1166 1965 1330 2024 misericor-

96 2045 175 2102 diter
187 2041 348 2116 respexisti,
367 2057 401 2098 ae
415 2057 480 2098 auin
493 2041 529 2098 ad
544 2048 572 2097 ts
586 2057 690 2097 vocans
705 2048 734 2098 et
750 2042 778 2097 iii
793 2041 908 2096 domum
924 2038 1013 2109 ipsius
1029 2037 1185 2104 divertens,
1201 2041 1237 2096 ab
1252 2039 1329 2096 omni

96 2117 169 2175 vilio
183 2114 302 2183 sanasti,
311 2113 435 2171 concede
445 2113 515 2170 milii
527 2112 628 2186 pusillo
642 2119 669 2169 ct
680 2112 796 2176 misero,
805 2116 836 2168 ut
846 2111 876 2167 in
890 2110 1020 2166 arborem
1035 2109 1209 2181 poenitentiae
1219 2109 1340 2182 valeam

95 2189 267 2256 ascendere,
284 2185 331 2244 ubi
351 2203 396 2243 me
410 2185 499 2242 oculis
512 2184 715 2242 misericordiae
728 2183 855 2255 nigrioris
868 2198 1005 2255 aspicere,
1019 2188 1048 2238 et
1063 2181 1099 2237 ad
1114 2187 1192 2238 tuam
1206 2182 1329 2254 gratiam

95 2275 214 2328 vocare,
228 2258 339 2316 donans
359 2257 429 2315 mibi
451 2263 482 2315 ut
498 2257 614 2315 domuin
636 2257 816 2314 conscientiae
834 2272 914 2324 ineae,
931 2255 966 2311 ad
982 2261 1009 2310 te
1027 2253 1220 2325 recipiendum
1242 2254 1328 2325 digne

95 2347 273 2408 praeparem,
282 2336 311 2388 et
323 2346 375 2402 per
388 2337 415 2386 te
427 2334 502 2387 lotus
516 2330 638 2387 interius
650 2335 678 2386 et
691 2330 814 2386 citerius
827 2330 951 2401 perlecta
965 2328 1106 2393 sanerlit,
1121 2329 1170 2399 qui
1181 2327 1282 2385 venisti
1294 2328 1329 2385 de

93 2404 181 2465 caelis
194 2418 322 2476 quarere
334 2407 362 2460 et
375 2402 485 2459 salvare
500 2402 576 2474 quod
593 2402 716 2474 perierat
729 2401 758 2458 in
774 2401 869 2465 terris,
886 2407 916 2457 tii
931 2416 987 2468 me,
1001 2399 1047 2472 qui
1063 2416 1114 2471 per
1129 2401 1239 2472 culpam
1256 2398 1327 2471 pori·

93 2491 192 2544 eram,
204 2474 346 2549 requiras,
358 2475 434 2533 bone
449 2478 557 2549 pastor,
571 2479 599 2532 et
612 2476 723 2532 salvum
737 2474 835 2543 iacias,
850 2473 896 2546 pie
912 2474 1052 2530 Salvator.
1069 2475 1169 2528 Amen.

587 2797 725 2875 CAPUT
741 2800 851 2875 XXIV

262 3026 301 3073 DE
317 3024 435 3074 DUOBUS
455 3024 543 3073 CECIS
562 3025 636 3074 POST
655 3026 811 3075 EGRESSUN
824 3026 945 3075 tanicno
960 3026 1168 3074 lbbUbllNATIS.

448 3191 573 3249 Matthaei
588 3206 650 3264 cap.
666 3192 712 3248 Nil
728 3195 757 3249 et
771 3188 859 3249 Marci
873 3206 936 3264 cap.
953 3192 986 3248 ll.

141 3406 152 3442 i
177 3384 272 3441 Tnnaa
291 3399 381 3441 iinnrn
399 3383 527 3440 Douixuii
544 3400 686 3447 saonirun.

98 3485 137 3498 -
151 3456 190 3512 nt
209 3462 276 3528 post
295 3456 368 3524 haec,
391 3457 592 3526 epredi'eati'bus
616 3457 687 3526 iltis,

99 3525 211 3585 scilicet
223 3529 293 3586 Jesu
311 3543 375 3585 cum
394 3526 550 3600 discipulis,
563 3529 598 3584 ub
616 3530 688 3584 Jerv'-

100 3601 164 3670 cbo,
172 3598 349 3657 turbamaltu
357 3599 581 3658 desiderantium
589 3598 689 3657 audire

101 3670 264 3728 doctrinam
279 3672 342 3744 ejus
356 3678 449 3729 serato
463 3680 502 3730 est
515 3690 575 3729 eam
583 3692 592 3741 ,·
606 3670 689 3745 pauci

102 3742 181 3801 enim
204 3743 350 3803 audebant
368 3750 485 3818 propter
503 3746 629 3804 latrones
649 3746 689 3801 in-

101 3813 185 3887 gredi
200 3814 355 3873 desertnm.
374 3817 456 3884 Quod
472 3818 556 3874 turba
569 3815 690 3944 plurima

103 3886 280 3958 sequebatur
306 3890 416 3958 lesum,
439 3905 497 3946 suae
528 3890 635 3945 seiulae
662 3892 689 3945 et

103 3958 240 4017 studiosae
250 3959 386 4018 doctrinae
398 3966 441 4017 est
453 3959 599 4018 indicium.
611 3960 690 4016 Unde

105 4030 690 4101 Cbrpsoatomac:«Testimoniumstudiosi

104 4101 239 4175 agricola
252 4108 296 4160 est
310 4104 411 4162 messis
427 4105 569 4175 loecunda,
584 4102 691 4161 assidui

105 4180 204 4233 autem
216 4175 340 4234 doctoris
356 4178 558 4235 documentum
573 4175 693 4234 ecelesia

106 4247 202 4321 plana.
218 4247 366 4306 Neminem
382 4249 464 4307 labor
477 4248 587 4308 itineris
605 4250 691 4318 impe·

106 4317 190 4391 divit,
206 4318 273 4394 quia
285 4336 368 4380 amor
380 4321 536 4394 spiritualis
550 4318 690 4393 fatigatio·

747 3397 814 3439 nem
828 3397 886 3438 non
901 3379 998 3438 sentit.
1014 3380 1162 3438 Neminem
1179 3379 1333 3454 possessio·

748 3471 816 3511 num
829 3470 944 3511 suarum
955 3451 1116 3511 sollicitudo
1127 3454 1254 3525 retranit,
1265 3452 1333 3526 quia

747 3524 1017 3599 ingrediebanturin
1028 3526 1238 3598 possessionem
1252 3524 1331 3598 regni

748 3600 880 3657 coelestis.
897 3601 967 3656 Vere
982 3598 1060 3655 onim
1077 3602 1233 3658 nuntiabat
1248 3613 1334 3670 super

748 3678 855 3729 terrain
863 3671 938 3742 quod
949 3670 1090 3742 amet,qui
1102 3673 1208 3729 bonum
1219 3671 1334 3728 coelesle

748 3744 777 3800 in
793 3746 911 3800 veritate
926 3743 1092 3815 gustaverit.
1106 3742 1272 3800 sicutenim
1285 3738 1332 3813 qni

748 3815 905 3888 pretiosum
916 3815 1334 3891 manducaveritcibum,post·

750 3888 867 3945 modum
890 3886 916 3942 ei
936 3888 997 3945 baec
1016 3903 1083 3944 esca
1104 3883 1263 3943 communis
1285 3897 1334 3937 iii-

751 3967 832 4031 grata
850 3957 979 4029 videtur;
1001 3960 1041 4015 sie
1058 3965 1086 4015 et
1105 3957 1152 4028 qui
1170 3952 1259 4010 semel
1275 3951 1336 4034 dul-

751 4032 881 4089 rodinum
914 4032 1016 4090 Christi
1051 4031 1125 4085 beiie
1158 4028 1333 4096 gustaverit,

752 4110 931 4161 terrenorum
950 4104 1090 4159 banorum
1107 4097 1142 4153 de
1162 4101 1335 4177 ceteroonori

752 4177 872 4233 multum
904 4172 991 4232 sentit
1021 4184 1163 4242 saporem.
1195 4169 1333 4226 Nimirum

750 4248 812 4305 baeo
825 4252 870 4305 est
882 4246 931 4303 illa
948 4259 1013 4301 rosa
1032 4241 1063 4298 in
1082 4240 1190 4322 campis
1208 4236 1332 4307 Jericbo,

751 4319 786 4376 de
801 4335 857 4391 qua
876 4316 1021 4389 Sapientia
1037 4314 1162 4385 loquitur
1182 4327 1235 4387 par
1259 4309 1322 4367 Salo
