2820 4928
260 344 300 396 ult
329 344 576 400 llutllilrloblt
606 344 701 400 luta
728 346 760 400 ltl
790 344 947 399 lisuino
974 346 1114 399 lentulo.
1250 340 1295 398 stt

64 447 104 504 do
121 443 225 518 aliquis
251 446 302 504 libi
322 449 425 576 pedoni
440 450 542 518 calcat,
559 466 655 509 nonne

62 519 134 575 dicit
149 526 233 591 caput
251 535 258 576 ε
287 522 325 577 Ca
337 537 383 577 cas
408 522 477 578 me?
491 522 553 588 Quo
569 524 653 580 modo

62 606 135 719 ergo
151 591 259 662 lingua,
272 607 356 663 quam
367 608 451 649 nemo
462 597 563 665 tangit,
573 593 651 651 dicit:

62 664 103 720 Cn
116 679 163 720 cas
183 679 242 732 me;
262 664 302 719 sic
318 664 444 722 Cliristus
458 673 543 737 caput
559 668 653 723 Eccle-

61 734 652 808 siae,qucmnemoralcat,dicet:Esuriit

60 812 91 863 et
104 823 158 862 uon
170 808 287 863 dedistis
298 811 368 863 milii
379 810 555 876 munducare,
570 815 623 865 etc.
638 830 652 863 l)

62 878 144 935 Unde
155 884 183 934 et
194 879 401 949 chrysostomus
414 897 420 936 :
437 900 451 932 u
468 882 501 936 Et
513 881 576 936 vide
587 896 654 952 qua·

61 949 130 1006 liter
142 949 359 1023 leviainjnngit;
373 951 514 1008 nonenim
526 951 594 1009 dicit
606 970 612 1009 :
623 956 654 1010 ln

61 1037 179 1078 carcere
197 1028 286 1092 eiam,
303 1029 332 1079 et
346 1039 403 1079 nou
426 1023 570 1095 eripuistis
596 1040 653 1086 me.

62 1093 220 1161 intirmus,
246 1102 271 1151 el
296 1111 354 1150 non
376 1095 496 1151 curastis
517 1112 579 1163 me;
604 1096 653 1154 sed

63 1180 125 1221 nnn
139 1164 275 1222 visilastis
297 1182 353 1234 me,
369 1171 398 1223 et
413 1182 470 1223 non
482 1167 603 1224 uenistis
617 1168 653 1224 nd

63 1250 123 1293 nie.
153 1239 184 1293 lu
213 1237 366 1295 esuriendo
390 1238 476 1296 ctiam
503 1255 560 1296 non
585 1239 654 1309 petit

63 1322 195 1364 mensam
209 1309 376 1381 pretiosam,
393 1311 443 1366 sed
460 1311 653 1367 necessarlum

62 1378 169 1436 cilium.
188 1380 289 1438 Omnia
314 1398 381 1453 ergo
403 1381 572 1438 sullicieutia
587 1389 653 1440 sunt

61 1451 101 1507 ad
116 1466 231 1533 poeuum
253 1470 259 1508 :
275 1452 366 1526 primo
387 1453 514 1525 quidem,
531 1454 652 1511 facilitas

61 1523 222 1595 petitionis,
239 1524 322 1596 panis
335 1524 411 1581 enim
426 1532 486 1581 crat
496 1543 502 1594 ;
514 1529 651 1595 secundo,

61 1595 261 1653 misericordia
277 1599 351 1668 ejus,
377 1611 487 1668 pauper
500 1599 575 1653 euim
591 1604 652 1654 erat

61 1664 112 1738 qui
128 1668 262 1738 petebat;
285 1668 380 1732 terlio,
405 1669 579 1739 comparatio
595 1685 651 1725 na-

60 1742 147 1807 turai,
162 1740 248 1796 homo
263 1740 339 1796 enim
355 1745 435 1809 eral;
451 1748 563 1811 quarto,
579 1741 652 1797 desi-

61 1810 176 1867 derium
197 1811 404 1884 promisionis,
431 1829 549 1885 regnum
574 1813 650 1869 cuim

61 1881 210 1953 promisit;
232 1882 343 1954 quinto,
363 1883 486 1955 dignitus
513 1885 575 1954 ejus
602 1883 650 1955 qul

60 1952 229 2024 accipiebat,
248 1957 321 2011 tleus
347 1956 423 2011 euim
445 1960 506 2012 erat
530 1954 576 2026 qui
599 1971 651 2026 per

61 2040 205 2097 pauperes
213 2025 370 2098 accipiebat
382 2043 389 2094 ;
410 2032 499 2094 sexto,
511 2028 648 2098 superab-

62 2097 203 2154 undantia
234 2097 363 2167 honoris,
389 2097 524 2170 quonium
547 2097 648 2169 digna·

63 2174 111 2224 lus
123 2178 165 2225 cst
180 2169 215 2226 ad
231 2169 548 2240 liominibusaccipere;
565 2169 650 2239 septi·

61 2254 123 2309 mo,
137 2239 250 2312 J’uslitia
264 2241 399 2310 dationis,
416 2258 449 2297 ox
468 2240 527 2297 suis
541 2241 617 2297 euim
632 2256 649 2298 a

62 2311 149 2368 nobis
175 2312 288 2385 accipit,
312 2312 363 2370 sed
389 2318 487 2369 contra
516 2312 650 2370 universa

62 2383 126 2439 baec
139 2383 270 2441 homiues
283 2400 334 2457 per
346 2387 495 2442 avaritiam
508 2400 649 2442 exsiccan-

59 2459 112 2512 tur
127 2473 133 2511 :
151 2475 165 2505 ii
180 2457 240 2511 liaec
255 2459 470 2525 chrysostomus.

98 2532 115 2583 8
131 2529 268 2583 Avssirin
283 2545 463 2585 scoiiecrm.
486 2558 518 2568 —
539 2528 650 2584 lietera

60 2601 166 2672 quippe
182 2616 233 2671 per
247 2599 395 2656 avaritiam
420 2599 550 2656 hominos
573 2598 649 2655 circa

60 2686 152 2742 opera
168 2669 373 2728 misericordiae
387 2674 545 2727 exercenda
558 2686 647 2726 cxcae·

58 2748 174 2812 cantur,
191 2749 220 2799 et
234 2743 270 2798 ad
289 2742 402 2800 caduci
417 2748 445 2799 et
462 2743 540 2814 quasi
552 2742 648 2799 insen·

59 2813 158 2871 sibiles
172 2816 338 2881 rezlduntum
355 2815 516 2871 sicutenim
532 2815 647 2884 caritas,

59 2902 126 2959 quae
143 2885 250 2943 directe
266 2887 418 2959 opponitur
435 2886 573 2955 avaritiae,
590 2887 649 2943 rull

60 2956 196 3015 omnibus
212 2957 361 3014 subvenire
376 2963 405 3015 et
415 2959 593 3026 benefacere,
608 2958 648 3014 sic

62 3028 186 3086 avaritia
202 3030 303 3086 suadet
313 3045 330 3086 a
339 3030 443 3087 talibus
453 3029 608 3100 abstinere,
621 3035 650 3086 et

61 3101 646 3173 nonoperibusmisericordiaeintendere.

63 3173 197 3243 Suggerit
211 3176 287 3229 enim
307 3174 388 3245 quasi
403 3173 577 3229 consulendo
595 3172 647 3245 ipsi

60 3243 169 3300 misero
186 3259 269 3315 quem
291 3245 425 3314 possidet,
440 3250 471 3301 ut
489 3245 524 3300 do
543 3245 649 3302 talibus

61 3330 121 3372 uon
136 3321 227 3383 curet,
245 3315 313 3388 quia
331 3322 440 3372 tantum
457 3320 649 3385 constarcl‚et

61 3386 127 3444 ideo
140 3394 251 3445 tantum
266 3389 400 3444 damnum
416 3388 484 3444 iude
498 3391 647 3516 reciperet.

61 3457 114 3515 llio
128 3458 208 3528 siste,
222 3465 262 3528 tu,
278 3460 366 3518 miser
379 3475 475 3530 avare,
485 3459 531 3532 qui
545 3479 560 3517 a
575 3459 609 3516 iis
620 3460 649 3517 in

59 3531 226 3588 necessitate
242 3532 341 3604 positis
357 3549 415 3588 non
434 3549 517 3590 ciiras
531 3549 648 3589 succur-

58 3616 135 3671 rere,
155 3609 184 3660 et
212 3603 344 3675 maxime,
357 3610 386 3661 tu
405 3604 528 3660 crudelis
547 3604 647 3676 pcaesi-

58 3674 131 3730 dens
147 3691 199 3731 seii
208 3675 341 3758 praelatc,
357 3682 386 3732 et
405 3677 568 3749 specialiter
581 3677 648 3733 reli·

59 3745 150 3817 giose,
167 3763 216 3829 qui
231 3746 353 3804 infirmis
366 3747 418 3803 tibi
435 3747 594 3804 commissis
613 3749 649 3805 de

59 3816 201 3874 ministris
229 3825 259 3875 et
276 3820 449 3887 custodibus,
469 3819 513 3874 iel
534 3820 650 3892 quibus·

58 3904 183 3973 cumque
197 3889 261 3947 aliis
275 3890 457 3949 necessariiis
475 3906 534 3946 nou
552 3892 649 3947 studes

58 3963 222 4032 providere.
238 3964 361 4019 attende
377 3969 406 4020 et
421 3963 494 4023 vide.
512 3961 578 4035 quia
595 3964 649 4020 lioc

59 4032 190 4114 terribile
205 4034 357 4105 judicium,
372 4034 400 4090 in
425 4051 481 4105 quo
501 4036 536 4092 de
555 4035 649 4108 opiri-

61 4103 115 4160 bus
133 4106 338 4162 uiisoricordiae
355 4106 523 4179 disceptatio
539 4107 580 4169 lit,
599 4105 649 4163 tibi

61 4175 226 4257 specialiter
254 4178 394 4248 imminet,
413 4177 480 4250 quia
508 4177 649 4253 praecipuo

62 4248 306 4306 immisericordes
326 4257 425 4321 arguet
440 4251 530 4307 iudei
550 4255 577 4307 et
596 4266 649 4323 pu-

62 4318 142 4388 υἱεῖς
168 4329 235 4377 lunc
264 4321 363 4378 audies
384 4322 579 4395 correptiones
597 4322 649 4377 du·

709 451 846 517 rissimas,
863 450 967 534 quibus
986 465 1042 507 non
1057 448 1165 522 poteris
1179 453 1292 506 contra·

708 524 813 594 dicere,
830 539 876 596 qui
895 523 979 580 modo
998 522 1099 594 abjicis
1118 521 1293 591 monitiones

709 596 900 664 mollissimas,
917 595 1019 667 quibus
1043 610 1102 650 non
1120 590 1228 650 voreris
1244 608 1291 650 re·

707 684 849 796 Bugnarm
864 672 933 723 tunc
951 666 1006 723 erit
1020 667 1091 723 horu
1105 670 1165 734 tua,
1179 681 1237 736 qnu
1253 665 1290 721 ti·

730 742 736 795 i
753 738 868 796 instabit
880 739 1024 796 horrenda
1038 737 1163 806 miseria,
1180 743 1210 793 ut
1225 751 1290 794 cum

708 810 866 868 maledictis
890 827 940 868 eas
965 810 994 866 in
1021 809 1117 882 ignem
1137 816 1287 880 aetornum,

708 882 821 939 diabolo
851 887 878 938 el
912 881 1022 954 angelis
1056 882 1117 953 ejus
1149 886 1290 954 paratum.

709 956 777 1011 llluc
791 970 893 1027 perges
908 954 1061 1011 derelictus
1080 968 1097 1010 a
1120 969 1186 1009 cura
1204 958 1232 1008 et
1247 968 1293 1009 cu·

708 1026 800 1083 stedia
819 1026 925 1093 divina,
944 1025 992 1096 qui
1009 1025 1055 1081 bic
1076 1028 1141 1081 tuos
1162 1024 1293 1080 infirmos

707 1097 883 1170 dereliquisti
899 1098 961 1154 sino
974 1113 1041 1154 cura
1056 1101 1084 1153 ot
1100 1094 1229 1152 custodia
1243 1097 1293 1153 liu·

708 1185 806 1237 mana;
827 1175 854 1225 el
869 1174 936 1225 tunc
948 1168 1018 1224 niliil
1033 1182 1134 1225 eorum
1149 1183 1213 1239 quui
1227 1182 1292 1222 con·

707 1248 751 1298 tra
766 1241 913 1298 caritatem
931 1239 1049 1297 servasti
1073 1247 1100 1295 et
1114 1238 1291 1296 necessitati·

706 1315 758 1370 bus
773 1313 959 1385 indigentium
984 1311 1136 1368 cruilelilcr
1151 1309 1292 1367 subtrasi-

708 1385 754 1448 sti,
773 1390 835 1442 toa
863 1383 979 1440 miseria
1006 1381 1150 1451 liberabit,
1178 1382 1293 1438 sedura

707 1456 860 1513 crudelitas
889 1460 917 1512 le
945 1457 1005 1512 sine
1043 1455 1102 1512 line
1130 1452 1293 1510 immaniter

707 1528 854 1584 cruciabit.
870 1530 948 1584 Tunc
961 1525 1027 1583 boni
1043 1531 1178 1599 poterunt
1192 1530 1293 1581 contra

706 1605 734 1654 to
758 1615 870 1656 sumere
896 1598 1073 1671 parabolam,
1093 1603 1121 1655 et
1140 1597 1235 1653 dicere
1254 1596 1291 1652 ad

706 1671 935 1742 exaggerandum
949 1679 1026 1726 tuam
1039 1668 1183 1727 miseriam
1199 1686 1205 1724 :
1222 1669 1292 1735 Quo-

705 1746 783 1799 modo
799 1745 915 1800 ocssueit
934 1748 1056 1807 cunctor,
1080 1744 1186 1812 quieuit
1202 1740 1290 1795 tribu-

705 1819 786 1871 tum?
806 1814 930 1871 cessavit
946 1820 1069 1882 exactor,
1086 1813 1153 1884 qnia
1165 1809 1229 1868 aliis
1240 1826 1289 1868 ne-

706 1887 830 1942 cessaria
845 1885 1049 1953 subtrahendo,
1071 1883 1150 1957 quasi
1168 1881 1290 1938 exactio·

706 1974 774 2013 nare
786 1972 835 2013 eos
846 1956 995 2012 videbatur
1006 1973 1013 2024 ;
1024 1955 1131 2028 quievit
1140 1954 1289 2022 tributum,

706 2030 780 2100 quod
809 2028 858 2084 alii
884 2027 1027 2085 delectum
1044 2026 1189 2099 patiendo,
1210 2024 1292 2107 quasi

705 2101 815 2157 solvere
830 2100 1015 2171 cogebantur.
1029 2097 1102 2167 Quid
1113 2097 1175 2165 libi,
1191 2112 1290 2165 miser,

706 2178 771 2229 tunc
786 2170 913 2244 proderit
924 2178 972 2227 tua
989 2169 1142 2227 crudelitas
1154 2174 1184 2226 ot
1196 2167 1290 2226 avari·

705 2242 752 2308 lia,
767 2260 819 2326 pro
838 2259 895 2315 qna
908 2241 1026 2298 habebis
1041 2241 1100 2314 pati
1112 2246 1193 2299 tanta
1208 2245 1236 2297 et
1246 2248 1288 2296 la·

704 2314 742 2372 lia
757 2332 818 2372 sine
831 2316 888 2371 sinc
902 2314 1057 2372 mansura?
1072 2316 1149 2370 Tunc
1163 2327 1215 2385 per
1228 2328 1288 2385 pue·

705 2403 782 2458 nam,
793 2387 842 2444 sed
858 2385 942 2443 nimis
955 2386 1036 2443 tardo
1052 2385 1216 2458 aperientur
1226 2399 1290 2442 ocu-

704 2458 722 2514 li
741 2457 847 2530 tui,qui
865 2458 1013 2584 iiiodofer
1025 2456 1174 2514 avaritiam
1190 2462 1289 2512 contra

704 2544 791 2602 opera
804 2529 951 2585 misericor
973 2531 1006 2585 ise
1020 2535 1087 2585 sunt
1101 2527 1244 2597 excaecati,
1260 2531 1289 2584 et
1319 2584 1322 2593 ,

702 2606 772 2657 tunc
790 2600 851 2657 sola
868 2599 978 2656 vexatio
1003 2599 1083 2657 dabit
1101 2599 1289 2664 intellectum,

703 2672 764 2733 tilii.
776 2674 822 2745 qui
833 2671 917 2728 modo
928 2671 1128 2729 circavexatos
1141 2672 1229 2727 babes
1241 2684 1290 2725 cor

704 2744 877 2801 induratum.
908 2745 972 2799 llaec
1002 2759 1111 2816 pauca,
1136 2758 1153 2799 o
1177 2756 1288 2809 arare,

704 2814 800 2889 impie,
817 2814 948 2885 erudelis,
962 2819 991 2871 et
1004 2814 1066 2871 dire
1079 2822 1209 2888 tyranne,
1224 2812 1289 2868 dili·

703 2893 805 2961 genter
819 2887 950 2958 attende;
971 2890 999 2942 et
1014 2887 1081 2943 dum
1102 2886 1194 2942 adbuc
1213 2885 1291 2941 iales

704 2965 731 3016 te
747 2960 910 3027 emendare,
922 2959 1003 3015 stude
1020 2964 1050 3014 ut
1063 2957 1138 3014 mala
1152 2962 1290 3029 perpetua

703 3028 1288 3104 possis,Deoauiilianteevadere.Amen.

740 3104 903 3176 possesione
920 3119 1057 3159 suninsnn
1067 3117 1174 3157 ornauit
1190 3116 1290 3154 uisam·

704 3192 807 3230 connis
827 3174 1031 3241 sussicinsrii‘l
1055 3204 1091 3214 —
1114 3170 1290 3230 Suillcieutia

704 3250 799 3303 autem
816 3245 1016 3320 predictorum
1033 3258 1153 3315 operum
1176 3240 1288 3298 miseri·

705 3317 809 3374 cordius
833 3319 887 3374 boc
908 3317 992 3375 modo
1015 3318 1179 3389 accipitur:
1204 3316 1288 3370 bomo

704 3389 780 3446 enim
798 3389 826 3445 iii
841 3387 899 3446 vita
916 3391 1048 3462 praesenti
1073 3387 1165 3461 primo
1180 3385 1289 3457 indiget

705 3478 738 3518 cx
753 3467 834 3535 parte
848 3460 976 3534 corporis
994 3460 1140 3528 alimento,
1156 3458 1289 3531 sineque

705 3550 764 3590 non
781 3540 954 3608 potestesse,
968 3532 1076 3590 scilicet
1088 3531 1151 3589 cibo
1166 3540 1195 3588 et
1210 3535 1287 3602 potu,

705 3611 733 3665 et
748 3604 788 3663 sic
807 3610 849 3663 cst
864 3605 967 3679 duplex
981 3621 1050 3677 opus
1073 3601 1288 3671 misericordie,

704 3677 936 3750 scilicctpascere
951 3676 1134 3742 esurientem,
1145 3680 1175 3731 et
1190 3678 1289 3746 potare

705 3748 858 3805 sitientem.
874 3748 1016 3817 Secundo,
1028 3745 1135 3818 indiget
1145 3750 1289 3815 tegumen·

706 3824 746 3888 to,
767 3818 828 3875 siue
853 3835 907 3892 quo
928 3835 985 3875 non
1009 3824 1102 3892 potest
1127 3818 1197 3899 boue
1218 3828 1289 3883 esse,

705 3890 813 3947 scilicet
828 3887 994 3948 indumento
1008 3896 1036 3946 ct
1048 3886 1239 3955 domicilio,ct
1251 3888 1291 3943 sic

707 3965 809 4019 iterum
824 3968 867 4019 est
879 3964 980 4035 duplex
991 3978 1062 4088 opus
1075 3958 1291 4029 misericordie,

706 4033 814 4090 scilicet
839 4034 944 4092 restire
962 4050 998 4088 nu
1022 4049 1081 4095 um,
1111 4037 1137 4086 cl
1159 4028 1293 4099 colligere

706 4108 750 4163 iel
766 4105 891 4178 recipcre
905 4103 1057 4175 hospitum.
1067 4100 1173 4170 Tertio,
1183 4099 1292 4182 indiget

707 4184 770 4253 post
780 4178 865 4234 silani
882 4178 965 4234 islam
988 4174 1181 4246 sepulturu,et
1195 4189 1236 4229 sic
1250 4178 1294 4228 est

707 4250 836 4322 quintum
860 4265 930 4322 opus
953 4245 1169 4315 misericordiae,
1185 4242 1292 4327 scilicet

708 4324 829 4395 sepelire
841 4326 979 4380 mortuos.
992 4320 1153 4377 lstaautem
1166 4330 1291 4390 quinque
