2842 4920
174 361 216 414 llll
243 362 368 415 lasani
397 364 433 416 ΕΤ
462 365 577 417 tantas
605 366 705 419 ttnttls
734 365 877 419 noltllts
905 363 1179 416 acutatlotlbts
1249 355 1298 413 alt

61 470 135 525 mori
148 484 200 539 pro
219 471 331 540 populo,
352 467 472 526 nescivit
488 468 556 543 qnid
573 471 650 529 dice-

63 544 119 610 ret,
139 546 283 598 ettamen
304 539 495 614 prophetavit.
517 542 654 602 Similiter

61 616 107 669 est
123 612 157 668 de
174 610 294 683 singulis
307 612 395 695 gestis
405 613 548 673 Passionis
564 615 657 673 bomi-

62 683 147 751 nicae,
166 701 231 755 quea
248 700 301 741 nos
316 684 457 759 inspicere
468 684 615 757 debemus,
627 692 655 744 et

61 755 222 814 secuudum
239 757 384 831 exemplar
397 756 510 816 illorum
522 758 626 817 lacere.
639 780 654 810 »

98 841 115 901 b
136 837 314 895 Tnaosniiuii
327 838 466 896 Canisruii
477 856 597 896 nivansa
609 856 654 895 ro·

63 924 216 965 enatares.
238 941 269 951 -
285 912 321 966 Et
334 913 441 978 {netum
457 918 507 979 est,
519 927 579 967 cam
592 926 654 967 eon-

61 985 228 1037 summasset
247 983 327 1038 lesus
348 997 484 1038 sermones
498 983 545 1038 lios
564 998 654 1039 omnes

63 1051 231 1124 praedictos,
248 1052 283 1110 de
306 1054 430 1111 secundo
458 1053 592 1123 adventu,
608 1052 654 1111 ubi

63 1139 95 1179 se
109 1129 263 1181 venturum
281 1124 470 1197 adjudicium
486 1123 515 1184 in
526 1125 655 1183 claritate

64 1196 209 1266 praediiiit,
229 1202 437 1269 cousequenter
456 1213 487 1254 se
504 1212 656 1271 passurum

65 1267 202 1335 ostendit,
217 1273 250 1325 ut
271 1276 481 1328 sacramentum
499 1269 591 1327 crucis
606 1269 655 1327 ad-

66 1337 186 1397 mixtum
207 1355 269 1396 essa
293 1339 392 1413 gloriae
412 1340 581 1399 internitens
607 1342 655 1399 ad-

68 1417 194 1479 moneat3
211 1413 304 1482 quasi,
317 1414 363 1484 qni
377 1413 547 1485 compatitur
562 1413 654 1470 cruci-

66 1480 134 1562 liin,
148 1499 205 1538 nou
221 1483 314 1540 timuit
328 1485 363 1541 da
370 1484 489 1557 judicio,
503 1486 655 1554 conjuncta

66 1568 145 1634 enim
160 1561 227 1611 sunt
241 1561 271 1612 ut
281 1573 365 1613 causa
379 1555 473 1613 linaiis
488 1563 515 1614 et
526 1558 654 1625 allectus,

66 1623 159 1706 gloria
186 1626 356 1684 aternitatis
380 1634 409 1685 et
427 1629 559 1686 meritum
586 1632 656 1687 Pas·

66 1700 166 1778 sionis.
179 1697 247 1754 Post
254 1699 407 1757 adrentum
420 1717 487 1775 ergo
497 1699 656 1773 maiestatis

66 1768 164 1825 subdit
177 1769 367 1828 humilitatem
380 1773 531 1840 Passionis,
547 1779 577 1830 ut
592 1789 657 1831 cau·

67 1854 131 1896 sam
148 1839 241 1898 illius:
260 1842 406 1900 Passionis
430 1843 506 1901 onim
526 1845 656 1915 allectus,

68 1910 113 1966 rel
125 1928 212 1970 causa
227 1913 332 1983 finalis,
348 1920 392 1971 est
411 1915 502 1987 gloria
514 1915 657 1973 aternita-

68 1981 115 2050 tis,
131 1984 209 2040 unde
222 1987 376 2058 apostolus
393 2003 400 2042 :
425 1990 549 2067 carpetas
564 1991 657 2056 luctas

69 2058 114 2109 est
137 2055 370 2129 obedientiaque
391 2059 429 2114 ed
450 2064 573 2124 mortem,
587 2075 658 2115 moi·-

67 2130 122 2181 tem
147 2133 238 2183 antem
268 2133 372 2197 oncis,
392 2136 503 2202 propter
532 2131 605 2202 qnod
632 2135 658 2187 et

67 2199 141 2278 Dens
151 2201 288 2258 exaltarit
298 2203 388 2260 illum.
399 2202 499 2274 Incipit
511 2219 579 2271 arpo
594 2217 658 2259 nar·

70 2275 212 2327 rationem
223 2271 258 2329 de
268 2274 377 2330 Pascha
390 2279 418 2330 et
433 2275 468 2330 de
482 2290 532 2332 sua
548 2273 657 2330 Passio·

68 2343 319 2412 sequestratus
332 2343 394 2417 ipse
407 2346 515 2403 Pascha
530 2352 657 2403 nostruin

69 2411 164 2494 luerat
188 2413 389 2474 immolandus.
414 2419 446 2473 Et
472 2418 572 2474 eadem
600 2415 657 2486 die,

73 2483 182 2566 scilicet
194 2486 265 2545 seria
276 2487 361 2546 tertia
374 2487 403 2544 iu
414 2505 488 2552 sero,
503 2498 532 2547 et
541 2488 658 2559 ibidem,

70 2555 216 2613 scilicetin
226 2558 441 2627 moirletlliveti3
451 2562 525 2617 dixit
537 2577 569 2617 er
589 2561 659 2616 odi·

70 2630 189 2710 scipulis
198 2634 258 2712 anis
266 2650 275 2687 ε
284 2633 370 2688 Scitis
382 2635 450 2701 quia
459 2637 521 2703 post
534 2578 657 2701 diffisum,

71 2698 101 2756 id
115 2708 160 2756 est
181 2701 254 2760 teria
268 2702 368 2773 quinta
383 2703 419 2759 ad
439 2718 598 2775 vesperem,
608 2707 659 2760 Pa·

67 2773 137 2827 selis
150 2775 206 2842 fiet.
222 2781 250 2831 et
264 2791 354 2846 agnus
362 2775 504 2846 paschalis
515 2773 661 2833 immolari

68 2844 167 2901 debet.
181 2848 228 2909 Et,
245 2862 298 2918 apo
309 2847 465 2918 addoquod
475 2846 600 2915 nescitis,
608 2845 659 2904 sci·

67 2914 137 2972 licet
151 2916 228 2988 quod
244 2923 312 2976 tunc
330 2921 417 2976 etiam
426 2921 515 2976 Pilius
529 2921 658 2990 hominis,

69 2986 100 3044 id
114 2992 160 3044 est
176 2988 311 3060 Virginis,
328 2992 456 3047 trudetur
467 2996 498 3047 ut
512 2994 660 3061 erucippu·

71 3064 129 3124 tnr,
144 3066 173 3116 et
196 3062 308 3119 Pascha
322 3062 407 3120 faciet
422 3063 608 3120 transeundo.
622 3065 660 3120 Ex

71 3145 130 3212 quo
143 3137 232 3203 patet,
249 3135 324 3205 quod
338 3151 394 3191 nou
413 3134 466 3191 luit
479 3151 512 3192 eir
527 3137 660 3206 ignorau-

70 3207 113 3259 tia
133 3203 265 3274 traditus;
282 3205 333 3263 sed
351 3222 385 3264 eii
401 3223 453 3265 sua
470 3207 660 3281 praescientia,

72 3279 103 3331 et
118 3274 274 3334 voluntate.
296 3280 374 3335 Bane
390 3286 487 3337 autem
506 3278 575 3335 dicit
590 3296 597 3334 ι
614 3283 660 3336 Pi-

73 3347 132 3402 tius
143 3348 274 3417 hominis,
285 3351 362 3420 quia,
374 3352 530 3409 secundum
541 3350 662 3409 termam

71 3418 230 3477 humanam
256 3425 350 3478 tentus
375 3428 404 3480 et
432 3421 583 3480 crucillxue
608 3428 661 3492 est,

72 3505 132 3546 non
150 3491 306 3550 seeundum
321 3492 458 3562 divinam,
473 3495 501 3551 in
514 3509 571 3567 qua
586 3510 660 3551 sem·

72 3560 312 3643 perimmortalis
324 3571 383 3634 est;
397 3572 426 3622 et
441 3567 512 3623 beno
527 3568 663 3638 imperso·

70 3632 180 3715 naliter
204 3635 311 3707 posuit,
348 3638 485 3706 tradetur,
513 3636 579 3709 quia
605 3654 662 3695 uno

72 3704 239 3764 traditionis
255 3710 344 3766 verbo
362 3709 483 3767 diuersas
502 3710 663 3765 voluntates

72 3779 284 3851 exprimuntur.
300 3782 372 3837 llam
384 3783 459 3840 Deus
475 3781 559 3837 Pater
574 3779 663 3837 tradi·

73 3849 116 3907 dit
137 3849 239 3908 Filium
254 3857 371 3925 propter
397 3856 555 3917 caritatem,
571 3858 600 3910 et
614 3868 662 3924 ge·

72 3920 153 3978 neris
167 3922 286 3981 humani
300 3923 462 3991 utilitatem,
477 3929 604 3980 econtra
617 3926 665 3981 lu·

72 3992 126 4074 das
146 3995 262 4063 ludaeis,
276 4002 397 4125 propter
415 3994 564 4052 avaritiam
579 4000 607 4051 et
623 3996 663 4052 lu-

74 4080 116 4121 cm
136 4064 183 4122 sui
210 4066 273 4140 cupi
296 4072 413 4136 itatem3
441 4067 521 4135 iteri,
544 4066 666 4139 Spiritus

75 4136 198 4194 Sanctim
212 4144 330 4212 propter
348 4155 429 4197 suain
447 4137 665 4210 benignitatem,

76 4213 208 4265 econtra
221 4209 315 4269 tuaaei
341 4210 433 4269 Pilato
456 4215 573 4283 propter
592 4211 665 4267 inii-

77 4278 157 4337 diam
182 4286 212 4338 et
235 4282 459 4354 malignitatem
479 4283 558 4351 item,
580 4282 665 4340 Pilius

75 4352 215 4425 seipsum,
229 4353 397 4427 utimpleret
408 4353 616 4426 beneplacitum
626 4354 665 4412 di·

712 471 820 540 viuum,
836 487 852 528 e
867 477 969 529 contra
982 468 1089 528 Pilatus
1103 469 1192 540 cruci,
1211 476 1242 528 ut
1253 487 1298 529 sa·

711 542 856 601 tislacoret
872 559 1015 615 perversas
1030 540 1170 599 voluntati
1185 543 1301 602 Judaeo·

711 630 785 683 rum;
793 613 873 683 item,
885 614 1017 672 diabolus
1027 620 1145 695 propter
1156 613 1302 685 timorem,

710 703 746 742 ne
759 703 812 814 por
826 686 930 745 Christi
946 687 1106 743 doctrinam
1117 689 1145 742 et
1159 686 1299 745 miracula

710 775 760 814 eve
774 759 883 815 leretur
895 774 988 821 renus
998 758 1154 815 humanum
1167 758 1202 814 de
1214 774 1300 816 manu

710 847 771 899 sua,
786 847 842 888 non
867 830 1020 888 advertens
1037 829 1103 910 qula
1126 829 1216 900 magis
1237 835 1299 888 erat

710 917 762 1029 per
772 901 863 974 ipsius
878 906 999 959 mortem
1011 901 1202 972 eripiendum,
1214 917 1299 973 quam

723 979 803 1030 uerat
814 990 864 1047 per
876 975 1039 1030 doctrinam
1049 979 1078 1029 et
1088 971 1224 1030 miracula
1236 989 1298 1030 era·

710 1051 800 1172 ptum.
818 1048 889 1102 Ecce
910 1061 982 1117 opus
998 1060 1161 1114 commuue,
1181 1044 1232 1100 sed
1250 1060 1299 1100 vo·

723 1122 836 1174 natales
848 1117 971 1174 diversae
984 1116 1077 1184 valde,
1090 1133 1159 1187 argo
1176 1117 1259 1172 Pater
1271 1120 1301 1173 et

712 1187 798 1246 Pilius
814 1194 842 1246 ot
859 1188 981 1261 Spiritus
999 1189 1119 1246 Sanctus
1135 1204 1194 1244 uon
1209 1188 1300 1245 solum

711 1260 838 1329 aniandi,
852 1263 900 1319 secl
912 1260 999 1318 otiam
1009 1259 1189 1331 glonllcandi
1198 1259 1300 1326 ;Judas

711 1338 807 1390 autam
831 1338 859 1389 et
875 1331 922 1390 alii
938 1349 995 1388 non
1010 1331 1102 1388 solum
1122 1329 1299 1399 detestandi,

712 1405 762 1460 sed
789 1403 875 1461 etiam
904 1403 1105 1460 contemnendi
1133 1407 1208 1471 snut,
1235 1401 1302 1472 quia

712 1476 788 1548 quod
804 1478 889 1534 Pater
902 1482 930 1533 et
945 1474 1033 1532 Filius
1047 1480 1073 1531 ot
1088 1473 1209 1546 Spiritus
1223 1475 1301 1530 Sau-

714 1554 775 1604 ctus
799 1550 883 1612 bona,
902 1549 956 1604 hoc.
976 1546 1015 1603 illi
1041 1547 1116 1602 mala
1143 1543 1301 1602 intentione

713 1620 849 1676 lecerunt.
863 1618 996 1676 Prasilicit
1008 1624 1103 1675 autam
1120 1616 1301 1698 discipulisse

713 1692 896 1756 tradendum,
908 1688 1104 1764 praemuniens
1114 1700 1163 1746 eos
1174 1705 1210 1745 ue
1224 1703 1302 1757 prius

713 1779 798 1836 quain
812 1765 932 1821 audiant
950 1779 1014 1834 quae
1029 1767 1165 1818 eventura
1178 1762 1299 1824 inerant,

713 1834 807 1891 subito
824 1835 954 1892 ridentis
971 1832 1045 1890 tradi
1069 1832 1106 1890 ad
1120 1847 1233 1890 crucem
1246 1833 1302 1889 lila-

713 1906 844 1978 gistrum,
865 1908 1078 1977 obstupescant.

751 1983 766 2033 5
777 1979 836 2033 Vox
848 1981 1144 2035 Piscniuuinmnmu
1152 1992 1300 2032 accirirna.

717 2078 748 2090 -
765 2050 808 2116 Et,
822 2049 889 2120 quia
904 2050 957 2105 boe
973 2064 1076 2105 uoiiieu
1095 2048 1204 2103 Pascha
1219 2050 1247 2103 in
1262 2045 1303 2102 di-

715 2117 806 2176 rersis
821 2120 891 2177 locis
911 2119 1065 2191 reperitur,
1081 2124 1111 2176 et
1124 2119 1237 2175 diversa
1251 2134 1303 2190 per

714 2190 807 2261 ipsum
823 2191 1035 2262 significantur;
1050 2191 1114 2246 ideo
1127 2207 1162 2246 ne
1173 2189 1203 2246 in
1217 2188 1303 2260 aequi·

715 2278 785 2319 roco
800 2280 939 2332 erremus,
950 2262 1078 2319 diversas
1090 2263 1151 2333 rjus
1164 2278 1230 2317 acce
1252 2263 1304 2317 tio·

714 2350 766 2416 ¹¹⁰⁸.
782 2333 936 2394 videamus.
948 2333 1102 2394 Sciendum
1115 2350 1195 2405 ergo,
1209 2277 1250 2389 ag
1258 2349 1302 2389 so-

715 2404 854 2463 lutionem
879 2408 1035 2464 multarum
1055 2405 1302 2473 contrarietatum,

716 2477 793 2549 quod
816 2481 926 2537 Pascha
944 2479 1104 2551 appellatur
1122 2475 1225 2558 primo,
1243 2481 1302 2532 tota

715 2549 886 2619 septimana,
906 2568 955 2607 scu
973 2557 1081 2632 septem
1105 2548 1165 2605 dies
1188 2563 1300 2619 azymo·

716 2637 789 2681 rum.
803 2621 907 2694 quibus
919 2625 934 2679 J
939 2622 1010 2679 ndaei
1021 2636 1110 2693 panes
1118 2635 1241 2691 azymus,
1249 2620 1302 2676 boe

715 2693 833 2752 estsine
848 2694 999 2762 fermento,
1014 2692 1218 2759 comedebaut;
1234 2705 1302 2748 nam

715 2777 744 2845 a,
767 2775 839 2843 siue,
859 2776 888 2831 et
905 2774 982 2847 ζύμη,
1003 2775 1174 2831 termentum
1192 2771 1301 2844 signill-

715 2856 773 2916 cat,
784 2847 861 2905 uude
874 2845 903 2902 ln
917 2848 1050 2903 Actibus:
1068 2846 1164 2903 Valens
1176 2851 1238 2916 post
1250 2848 1303 2901 Po-

715 2924 782 2979 sclin
793 2919 944 2991 producere
957 2935 1017 2974 enm
1027 2919 1141 2990 populo,
1157 2921 1210 2974 etc.
1225 2933 1232 2983 ;
1246 2918 1302 2989 prl-

717 3008 781 3051 mus
800 2996 828 3048 st
843 2989 959 3047 ultimus
972 2989 1033 3046 dies
1049 2988 1125 3046 illius
1135 2991 1303 3059 septimanas

716 3062 809 3135 magis
822 3064 962 3120 solemnes
971 3071 1053 3119 erant
1062 3076 1147 3132 quam
1159 3059 1254 3117 medii.
1267 3090 1303 3103 -

717 3134 859 3199 Secundo,
882 3133 987 3191 dicitur
1012 3134 1084 3190 hora
1099 3129 1303 3188 immolationis

716 3207 796 3281 agni,
814 3205 922 3263 scilicet
941 3222 1061 3275 vespera
1075 3221 1130 3288 qua
1149 3219 1239 3285 agnus
1252 3202 1303 3286 im:

717 3280 889 3347 molebatur,
901 3294 964 3350 quie
975 3283 1018 3334 est
1028 3276 1140 3335 initium
1151 3277 1235 3348 primi
1246 3275 1303 3332 diei

716 3366 892 3423 azymorum,
903 3349 951 3421 qui
960 3349 1116 3406 solemnior
1124 3354 1194 3413 erat,
1202 3353 1234 3407 ut
1245 3346 1302 3404 bier

716 3426 812 3492 Scitis,
824 3425 892 3493 quia
911 3427 973 3493 post
996 3421 1110 3476 hidiaim
1127 3422 1233 3476 Pascha
1246 3423 1303 3490 flet,

718 3496 794 3553 unde
813 3500 910 3552 cantat
926 3492 1073 3549 Ecclesia:
1091 3492 1304 3559 Quartndeei'nia

717 3569 763 3623 die
783 3567 821 3623 ad
836 3582 988 3638 uesperam,
1005 3565 1109 3621 Pascha
1129 3566 1238 3619 Domini
1252 3567 1303 3635 est,

718 3646 784 3706 etc.;
801 3638 862 3695 dias
876 3647 971 3695 autem
986 3635 1151 3708 praecedens
1163 3634 1239 3689 illam
1256 3636 1304 3690 ho·

718 3726 792 3777 rain,
808 3726 859 3764 nce
879 3710 985 3765 Pascha
1003 3708 1160 3770 dicebatur,
1180 3721 1232 3760 uec
1251 3720 1304 3760 so-

719 3781 823 3837 lemnis
837 3786 909 3836 crat.
919 3812 953 3823 -
966 3775 1183 3848 Tertio,dicitur
1194 3774 1304 3847 primus

719 3866 896 3935 azymorum,
927 3850 975 3923 qui
1001 3856 1063 3907 erat
1089 3845 1303 3929 celeberrimus,

719 3921 1123 3994 scilicetquintadecimalnna
1133 3934 1217 3992 pnun
1228 3934 1304 3975 mau-

719 3997 769 4064 sis,
784 3995 897 4067 quando
914 4011 1045 4066 egressus
1065 3998 1107 4049 est
1128 3990 1248 4062 populus
1263 3992 1303 4048 ls-

719 4069 778 4126 rael
793 4067 829 4125 da
842 4069 970 4139 AEgppto,
986 4072 1016 4120 ut
1029 4063 1079 4120 ibi:
1089 4065 1305 4150 appropinqua-

721 4140 768 4196 bat
781 4139 841 4195 dies
856 4142 947 4207 leatus
959 4152 1127 4206 azymorum,
1143 4135 1304 4206 predicitur

719 4213 841 4278 Porciam
857 4216 886 4268 et
899 4209 937 4266 ibi
954 4208 1044 4263 :Ante
1057 4208 1129 4263 diem
1138 4210 1240 4275 {estam
1254 4209 1305 4262 Pa·

719 4286 800 4352 seha,
814 4287 865 4340 etc.
878 4312 912 4323 -
925 4281 1041 4348 Quarto,
1054 4278 1156 4336 dicitur
1166 4277 1302 4336 festivitas

718 4356 810 4430 epula
822 4353 973 4427 paschalis,
984 4356 1015 4410 ut
1026 4349 1055 4409 iii
1067 4349 1300 4422 Paralipomenis:
