2820 4928
97 360 128 428 'l4
459 366 616 419 secunus
644 366 758 421 lenus
784 366 889 419 cliui
917 367 953 419 xl

102 479 149 536 bet
169 493 240 546 mem,
267 475 360 532 dicens
380 492 389 531 r
408 476 552 545 nonesto,
571 481 688 548 propter

102 551 266 608 doctrinam
292 562 402 611 sanam,
424 547 499 613 tone,
516 554 633 621 propter
646 550 686 604 vi-

100 629 159 680 tam
180 624 328 687 sum·tam;
353 621 423 690 quid
448 620 511 676 loni
526 623 631 688 luciam
655 626 687 678 ut

98 698 185 751 ritem
196 699 325 749 alermum
339 694 512 764 percipiam?
524 693 685 750 Secundum

98 767 211 832 Rodum,
232 762 362 820 audierat
379 765 465 821 isles
485 764 606 821 Domino
621 772 685 822 tan·

98 844 158 894 tum
175 835 283 893 similes
297 835 425 908 parvulis
442 835 545 910 dignos
563 853 624 895 esse
640 853 684 893 re·

101 925 157 981 gno
172 909 233 977 Dei,
248 914 276 966 et
290 907 353 963 ideo
369 907 474 964 eertlor
488 925 551 966 esse
572 908 684 966 deside·

99 997 168 1038 rans
187 980 223 1037 de
237 978 367 1047 ingressu
380 982 472 1052 regni,
484 996 542 1038 non
565 997 617 1054 per
629 998 684 1065 pa·

97 1051 279 1120 rabolas‚sed
295 1050 421 1125 apertius
442 1052 567 1125 postulat
582 1053 636 1110 sibi
651 1070 684 1110 ex

96 1123 176 1197 poni,
184 1122 288 1197 quilius
300 1122 421 1191 meritis,
432 1124 476 1182 rel
489 1126 635 1197 operibus,
645 1127 684 1181 vi·

96 1203 154 1253 tem
169 1201 307 1253 eternam
323 1195 414 1283 possit
437 1197 585 1269 consequi.
604 1201 683 1254 iesus

97 1270 280 1325 autemdicit
305 1285 340 1336 er,
364 1268 456 1342 primo
481 1275 618 1340 quantum
646 1270 682 1328 ad

97 1341 158 1411 ejus
174 1339 388 1413 cogitationem,
405 1340 471 1411 quia
496 1341 550 1398 isle
573 1341 682 1414 cogita-

95 1411 144 1469 bat
158 1415 255 1471 lesum
277 1429 340 1469 esse
354 1428 456 1484 porum
471 1413 628 1482 homiuem,
644 1414 681 1470 li·

95 1489 140 1540 eet
150 1484 281 1541 crederet
290 1501 353 1540 eum
363 1500 425 1541 esse
438 1490 577 1552 sunctum,
590 1493 618 1541 et
629 1487 680 1542 bo·

94 1571 163 1612 nttm
183 1555 345 1621 doctorem·
375 1561 403 1610 et
426 1555 500 1616 ideo.
532 1557 612 1625 quasi
639 1573 681 1614 re-

95 1627 239 1698 spondens
256 1627 317 1696 ejus
337 1625 513 1698 cogitationi,
530 1627 599 1683 dixit
625 1628 650 1685 ei
671 1645 678 1686 ε

93 1699 167 1765 Quid
179 1697 303 1753 medicis
317 1697 434 1753 beatem?
451 1699 534 1765 Quasi
550 1699 679 1757 diceret:

93 1770 132 1824 Ex
147 1784 202 1840 quo
218 1785 263 1825 me
278 1767 371 1825 eredis
390 1785 494 1841 purum
520 1771 678 1842 hominem,

93 1856 151 1896 non
169 1841 256 1898 delres
276 1856 322 1898 me
347 1857 447 1898 vocare
464 1842 578 1901 lienum.
595 1847 679 1902 Nemo

94 1914 170 1969 enim
186 1913 283 1975 tontes.
293 1915 352 1970 nisi
366 1914 444 1971 solus
458 1922 486 1970 et
500 1932 572 1972 ansts
586 1919 676 1986 Deus;

92 1983 147 2041 hoe
166 1993 209 2041 est
224 1985 331 2042 dictum
352 2003 358 2042 :
376 1989 450 2043 Deus
466 1994 510 2044 est
532 1987 609 2045 solus
627 1988 678 2045 bo-

94 2072 148 2114 nus
163 2057 364 2124 essentialiter,
380 2074 432 2132 per
444 2076 485 2129 se,
500 2065 529 2116 et
542 2077 559 2116 a
572 2063 678 2133 seipso,

93 2136 121 2185 et
137 2129 230 2186 nullos
240 2130 333 2197 alius;
349 2131 470 2202 quinalii
480 2131 679 2204 participative

93 2215 144 2271 per
156 2200 261 2272 ipsum.
282 2206 308 2256 et
324 2202 360 2258 ab
375 2203 443 2264 ipso.
462 2203 541 2259 Unde
560 2205 677 2273 circeso·

91 2276 194 2326 stemus
215 2291 223 2327 r
241 2290 254 2323 o
271 2273 330 2328 Hoc
344 2276 438 2328 antem
453 2273 617 2331 diecusnon
634 2291 677 2332 ex-

90 2342 180 2397 cludit
190 2341 319 2400 homines
328 2359 345 2399 a
355 2342 481 2399 bonitate
493 2367 498 2411 ;
513 2345 562 2402 sed
574 2363 587 2397 o
601 2362 678 2404 eom-

90 2415 239 2484 parutione
274 2430 336 2470 cum
364 2414 513 2484 bonitate;
540 2416 644 2474 divina.
662 2440 676 2470 »

91 2486 175 2552 Quasi
192 2485 299 2542 diceret
313 2485 339 2542 ei
352 2488 507 2544 Dominus:
522 2490 616 2556 Quare
631 2507 677 2547 me

91 2556 161 2614 dicis
189 2557 307 2627 honum,
337 2573 402 2613 eum
427 2576 485 2616 non
510 2562 609 2617 crodos
632 2578 677 2619 me

91 2645 155 2685 esse
170 2630 287 2686 Deum?
317 2629 432 2687 Slvere
456 2631 603 2689 confiteris
625 2633 676 2689 bo·

91 2717 175 2781 num,
187 2700 285 2757 credas
298 2700 383 2758 etiam
402 2718 464 2760 esse
477 2706 576 2761 Deum.
593 2704 676 2763 sotus

89 2772 164 2829 enim
183 2774 257 2829 Deus
268 2778 371 2830 nature
386 2774 477 2832 bonus
491 2782 545 2832 est.

127 2865 140 2900 r
156 2846 208 2902 Vm
231 2863 397 2903 uscussnmn
411 2864 445 2903 ln
460 2864 556 2904 virtu:
569 2864 675 2905 unnut-

90 2935 179 2974 ronuu
202 2935 381 2975 osssnvsrm.
396 2919 549 2978 —Deinde
572 2936 673 2977 conse·

89 2998 210 3062 quanter
227 2992 380 3063 respondet
401 2992 463 3063 ejus
478 2993 676 3063 iuterrogatio·

87 3064 127 3131 ni,
142 3061 261 3118 dicenst
283 3065 316 3120 Si
338 3069 429 3119 aretem
455 3067 497 3120 eis
521 3065 559 3119 ud
587 3069 675 3120 uitem

86 3134 208 3200 mercedi,
224 3150 304 3188 serua
319 3136 465 3190 mandute.
491 3137 576 3202 Quasi
597 3137 674 3192 dice-

87 3211 156 3260 ret:
175 3206 233 3260 Hoc
252 3204 358 3260 suflicit
372 3205 407 3261 ad
432 3206 572 3268 salutem:
599 3208 674 3278 quiid

88 3273 210 3345 amplius
226 3279 279 3331 est.
296 3291 351 3330 non
366 3280 409 3331 est
424 3277 613 3345 necessitatis,
624 3279 675 3334 sed

86 3345 673 3417 supererogationis,quoniamseeundom

89 3417 202 3477 Rectum,
219 3416 329 3491 justitia
345 3419 426 3489 Legis
449 3420 599 3488 custodita,
618 3438 675 3477 nou

89 3488 182 3543 solum
198 3487 275 3543 bona
295 3493 389 3555 terrae,
402 3489 452 3546 sed
467 3494 496 3546 et
509 3490 596 3547 sitam
612 3508 676 3548 eon-

92 3559 202 3615 lereltat
219 3564 368 3628 eternam,
385 3575 438 3618 suo
459 3566 589 3636 tempore
603 3580 673 3619 con-

90 3629 277 3699 sequendam.
294 3632 337 3687 Et.
351 3630 418 3702 quia
433 3632 599 3691 adolescens
613 3636 675 3692 haee

86 3701 217 3759 audierat
244 3701 381 3761 sollicitus
404 3704 495 3763 laetus
516 3704 586 3764 dixit
607 3706 671 3763 illi:

90 3775 156 3842 Qua
176 3780 272 3829 essent
299 3775 359 3831 lraec
385 3780 530 3849 mandata,
553 3795 674 3850 quorum

89 3847 270 3902 observantia
286 3852 330 3902 est
343 3848 515 3906 necessaria.
545 3853 603 3907 Hoc
626 3867 674 3908 au·

88 3922 155 3985 tem,
181 3917 337 3975 secundum
360 3921 591 3991 chrysostomum,
615 3940 673 3978 non

86 3994 200 4046 tentans
230 3989 318 4058 lecit;
351 3992 401 4048 sed
442 3992 588 4049 estimans
618 3993 674 4049 alia

87 4062 217 4143 quaedom
235 4069 463 4134 praeceptaesse.
475 4074 579 4134 prater
597 4064 673 4135 lega·

84 4132 134 4200 lm,
150 4150 213 4204 qum
227 4135 292 4191 vitm
315 4152 339 4192 er
356 4152 443 4192 causa
459 4137 573 4192 sterent.
595 4140 674 4191 lesus

87 4212 189 4274 eutem,
205 4205 286 4277 quusi
301 4205 416 4263 infirmo
431 4207 674 4273 condescendens,

87 4275 170 4346 Legis
187 4284 329 4352 precepta
344 4279 563 4337 clementissime
584 4296 675 4352 expo-

89 4360 169 4413 nens,
194 4349 270 4406 diaeit
286 4367 294 4406 ι
312 4354 373 4409 Νοη
394 4353 573 4410 homicidium
587 4353 674 4421 lecim

742 488 829 530 manu
856 471 1021 543 occidendo,
1044 487 1096 530 oro
1121 474 1263 547 jubendo,
1285 475 1322 533 rel

743 545 938 611 consulendo:
956 545 999 601 vel
1027 547 1113 602 etiam
1139 547 1321 620 detrahendo,

740 618 808 690 quia
823 634 875 690 per
885 617 1092 675 detractionem
1107 619 1322 694 occiditurpro·

739 689 832 746 ximus
848 689 877 745 in
905 689 1078 747 conscientia
1101 690 1213 760 aliena,
1230 693 1259 749 in
1274 709 1322 765 qua

740 762 853 819 vivebat
872 778 923 833 per
936 762 1160 819 bonamlamam
1174 781 1181 832 ;
1200 781 1256 822 nee
1270 781 1323 822 eor·

739 834 774 891 de
790 841 910 891 mortem
925 833 1041 891 alterius
1063 833 1271 903 desiderando,
1284 837 1321 894 rel

739 905 834 963 odium
843 905 1004 975 retinendo,
1014 910 1063 963 aut
1077 907 1321 966 beneficiumsuli·

738 978 889 1048 trahendo,
905 983 934 1035 et
946 994 999 1061 per
1012 979 1067 1035 hoe
1083 984 1265 1052 praeceptum
1279 983 1321 1037 lle·

738 1049 841 1122 eulogi,
871 1051 1040 1122 prohibetur
1065 1065 1152 1106 omne
1175 1067 1321 1108 nocumen-

738 1126 797 1178 tum
813 1121 934 1194 proximi
948 1124 976 1178 in
989 1136 1113 1193 persona
1124 1122 1257 1194 propria.
1271 1127 1321 1182 tl'ou

738 1194 921 1264 adulterabis,
934 1210 993 1265 per
1012 1194 1066 1250 hoc
1087 1193 1265 1265 prohibetur
1278 1212 1321 1252 ne·

738 1270 904 1323 cementum
919 1264 1042 1338 proximi
1066 1265 1095 1320 in
1122 1281 1252 1338 persona
1277 1267 1321 1324 sibi

737 1339 900 1409 conjuncta.
928 1341 990 1395 Non
1017 1340 1106 1405 socies
1135 1342 1260 1406 furtum.
1280 1354 1322 1411 per

736 1411 790 1466 hoc
807 1409 973 1478 prohibetur
999 1414 1208 1465 nocumentum
1234 1410 1321 1484 prori-

737 1481 774 1537 mi
792 1481 821 1537 in
839 1498 870 1538 re
887 1496 1029 1554 possessa.
1045 1484 1106 1537 Nom
1122 1484 1234 1549 fulsum
1251 1485 1319 1538 testi·

736 1556 856 1609 mouium
881 1555 965 1623 dices,
991 1569 1043 1625 per
1068 1553 1125 1610 hoe
1158 1555 1320 1626 prohibetur

736 1631 940 1682 nocumentum
952 1623 1073 1697 proximi
1090 1626 1118 1680 in
1135 1624 1226 1683 lama.
1243 1630 1320 1683 itone

735 1715 768 1753 ro
782 1704 890 1769 petrem
907 1705 983 1753 trium
998 1704 1024 1753 et
1042 1701 1161 1752 matrem
1186 1698 1319 1766 momen

736 1769 943 1838 subveniendo,
969 1774 998 1826 et
1024 1771 1223 1827 reverentiam
1255 1769 1320 1827 erhi-

735 1841 847 1910 beudo;
871 1849 899 1897 et
916 1858 968 1913 per
983 1842 1036 1897 hoc
1050 1847 1230 1912 praeceptum
1249 1843 1319 1899 affir-

735 1912 872 1970 mativum
900 1911 1069 1984 intelligitur
1098 1929 1189 1970 omne
1220 1914 1319 1971 benei-

735 1986 811 2041 cium
832 1984 960 2057 proximo
975 1984 1168 2051 reddendum,
1186 1987 1258 2057 quia
1272 2002 1316 2043 ne·

734 2056 811 2113 mine
842 2056 933 2130 patris
957 2063 985 2113 et
1011 2055 1124 2125 matris,
1151 2055 1319 2129 intelligitur

734 2130 829 2185 omnis
849 2128 1006 2201 proximus.
1026 2130 1061 2184 ut
1079 2128 1136 2184 hoe
1162 2138 1223 2196 est,
1249 2129 1317 2202 quod

733 2200 881 2257 subditur:
896 2205 932 2256 Et
941 2202 1043 2268 dilipes
1054 2203 1223 2270 proximum
1236 2207 1317 2269 mum,

732 2273 804 2327 sieut
819 2276 946 2344 teipsum,
964 2271 991 2327 id
1006 2271 1102 2339 cst,ad
1119 2271 1146 2327 id
1164 2273 1247 2343 quod
1261 2272 1316 2330 drli-

733 2344 776 2414 gis
786 2343 981 2416 temetipsum,
991 2343 1099 2399 scilieet
1113 2343 1150 2400 ad
1159 2345 1317 2415 gratiomet

732 2416 768 2471 ad
780 2415 917 2486 plurinum
931 2415 986 2479 vel,
1001 2418 1075 2471 sieut
1089 2418 1225 2485 teipsum,
1241 2415 1318 2472 idest

733 2503 791 2544 non
805 2489 892 2545 serbo
906 2493 1026 2547 tontum,
1042 2487 1090 2543 sed
1107 2493 1240 2558 operest
1255 2489 1319 2544 reri·

733 2562 801 2614 tate.
831 2560 981 2615 Proximus
1010 2566 1106 2615 eutem
1140 2566 1245 2616 noster
1270 2565 1318 2627 est,

731 2629 825 2686 omnis
845 2630 893 2701 qui
908 2629 1058 2687 nobiseum
1073 2632 1213 2686 convenit
1226 2633 1254 2687 iu
1271 2647 1316 2687 na·

731 2706 805 2771 tura,
822 2717 908 2774 quem
927 2702 1065 2758 debemus
1091 2701 1166 2757 sicut
1192 2702 1318 2785 nosipsos

732 2773 860 2844 diligere.
879 2776 968 2842 Quam
989 2772 1162 2829 sententium
1184 2775 1317 2830 Dominus

731 2845 849 2912 inducit,
876 2854 905 2901 ut
919 2844 1051 2902 ostendat
1065 2845 1143 2916 quod
1160 2845 1230 2903 llnis
1249 2862 1317 2919 prae-

730 2922 876 2988 eeptorum
893 2923 934 2974 est
947 2917 1068 2986 caritas3
1081 2915 1150 2988 quia
1165 2920 1317 2975 observan-

730 2991 769 3044 tia
799 2989 997 3046 mandatorum
1020 3005 1075 3044 nen
1103 2993 1146 3045 est
1173 2989 1317 3046 meritoria

730 3059 795 3116 vilui
822 3068 948 3131 eternae,
976 3060 1030 3117 nisi
1048 3060 1099 3116 llat
1128 3077 1161 3117 er
1190 3062 1315 3118 caritate.

730 3134 807 3188 Inter
837 3134 899 3189 hire
928 3138 1071 3205 praecepta
1098 3131 1270 3189 ordinantia
1289 3132 1316 3188 in

729 3206 900 3275 proximum.
917 3222 972 3261 nou
998 3209 1156 3332 tanguntur
1177 3211 1317 3277 praecepta

729 3277 765 3332 de
782 3293 837 3332 uon
854 3276 1043 3346 concupiscen
1067 3292 1083 3331 0
1102 3291 1163 3331 rem
1189 3276 1314 3345 proximi,

729 3347 772 3404 vel
787 3350 848 3418 ejus
862 3364 990 3417 uxorem,
1009 3346 1077 3420 qiria
1091 3346 1273 3405 reducuntur
1283 3346 1315 3402 ad

728 3427 871 3492 praerepta
892 3420 927 3476 de
954 3436 1012 3475 non
1040 3419 1199 3474 adulterari
1217 3425 1245 3475 et
1263 3434 1314 3475 non

728 3491 825 3549 iurari.
842 3499 869 3548 et
888 3491 941 3548 sub
960 3490 1015 3547 illis
1034 3496 1151 3561 possunt
1176 3489 1313 3562 intelligi3

728 3562 782 3625 vel.
799 3561 866 3634 quio
891 3562 1089 3634 intelliguntur
1116 3561 1145 3617 in
1168 3563 1224 3618 hoc
1240 3560 1314 3634 qtrod

728 3633 850 3691 dicitur:
870 3637 976 3703 ltilipes
990 3637 1151 3706 pessimum
1168 3639 1258 3703 teum,
1270 3631 1315 3703 qui

728 3705 804 3762 enim
819 3723 885 3763 vere
893 3705 1054 3778 proximum
1071 3703 1176 3773 diligit,
1191 3722 1244 3762 nec
1258 3720 1314 3760 rem

728 3794 800 3849 ejus,
816 3794 869 3834 nec
889 3794 1006 3833 uxorem
1031 3776 1217 3848 concupiscit.
1240 3779 1313 3832 Enu-

729 3858 820 3905 merat
835 3853 930 3905 autem
945 3848 1058 3905 hicnon
1078 3845 1177 3904 omnia
1197 3848 1312 3904 mandu-

728 3925 768 3989 te,
784 3921 834 3977 sed
850 3920 1028 3977 solummodo
1043 3926 1190 3992 praeopta
1210 3935 1312 3977 secun·

728 3993 772 4048 dm
797 3993 911 4060 tabulas,
935 4008 997 4063 trum
1012 3993 1148 4048 ordinant
1167 3991 1312 4047 hominem

727 4064 948 4135 ad'pronimum
972 4067 999 4119 iu
1019 4063 1123 4135 quilius
1141 4062 1268 4130 implicet
1287 4065 1313 4117 et

727 4139 861 4207 supponit
876 4142 1018 4207 precepta
1033 4134 1131 4206 primm
1148 4135 1253 4191 tabotae
1271 4150 1313 4188 or

728 4207 858 4264 dinantia
883 4207 1026 4264 liominem
1043 4206 1079 4263 ed
1108 4208 1220 4273 Deum;
1248 4208 1312 4276 qnia

728 4279 813 4336 homo
828 4281 921 4351 magis
936 4286 1049 4335 tenetur
1065 4280 1123 4335 Deo
1137 4292 1223 4349 qiram
1248 4293 1311 4350 pro-

727 4350 814 4422 ximo,
834 4356 863 4408 et
875 4350 939 4409 ideo
953 4350 977 4407 si
991 4352 1177 4409 observantis
1191 4348 1311 4407 mandi-
