2842 4920
353 350 395 404 uu
421 350 571 406 Uelleio
598 352 738 406 UlUllllU.
1126 358 1161 411 ei

62 457 133 509 itur.
157 453 215 508 lloe
234 452 373 523 liguratur
386 452 423 511 de
444 454 512 513 filiis
566 456 691 528 perlecto
705 456 866 529 liat,possit
877 457 1077 541 tantoleriore
1090 474 1158 542 pro·

62 538 164 582 uorum
184 522 266 581 multi
280 525 316 581 ed
332 529 512 600 terrumpro·
566 528 679 597 cedere,
690 534 721 585 ut
738 534 883 586 mereatur
897 529 993 587 multis
1013 531 1159 600 prioribus

62 614 70 652 ι
88 596 204 653 luerunt
228 595 334 663 iocati;
362 598 411 653 scd
430 598 513 671 pauci
567 615 624 657 non
639 599 680 657 sic
694 600 869 658 terrentibus
884 601 912 658 iu
926 602 1046 675 praemio
1070 606 1158 659 ente-

62 667 142 725 idum
154 667 270 724 luerunt
282 669 374 725 electi.
390 670 424 726 Et
436 669 513 727 simi·
567 671 634 728 terri
664 688 671 727 ι
690 692 706 723 ιι
725 672 787 729 ιιιιι
812 674 1030 743 chrysostomus.
1056 673 1156 730 Nullus

62 739 204 820 Uedeone,
217 740 265 810 qui
286 739 382 811 plures
395 741 431 797 ad
447 742 513 798 liel-
566 759 635 815 ergo
650 742 852 815 desperationi,
868 745 1054 803 nullusloeus
1068 750 1158 803 restat

70 818 199 878 vocarit,
223 809 274 866 scd
298 826 401 882 paucos
426 813 513 886 elegit
567 825 753 884 excusationi,
767 816 908 887 siquidem
923 816 954 873 in
976 819 1053 874 omni
1070 821 1156 873 aetete

62 898 108 940 um
121 880 217 950 duiit;
228 883 295 954 quia
309 884 369 939 toto
381 890 474 955 porto,
486 890 513 942 et
567 893 596 941 ιιι
609 887 638 942 iu
652 885 729 943 omui
742 888 814 943 liore
828 894 963 959 peccator
976 891 1133 960 suscipitur
1148 904 1155 944 :

63 957 112 1010 oto
126 958 177 1019 est,
194 970 256 1025 que
268 954 346 1010 ducit
363 955 402 1010 od
416 957 513 1027 perdt-
566 959 696 1015 Peccator
713 958 790 1015 enim
810 974 984 1031 quocumque
1002 961 1070 1016 liora
1093 976 1159 1016 con·

62 1032 79 1083 t
102 1026 263 1082 multisunt
278 1029 328 1097 qui
344 1029 452 1084 intrent
462 1044 513 1100 per
566 1045 662 1085 uersus
675 1032 763 1098 tuerit
777 1034 803 1085 et
816 1033 1061 1099 coronamenta
1073 1033 1158 1098 vivet,

62 1114 99 1155 iiii
106 1101 228 1167 onpuoto
237 1103 330 1169 porto,
338 1103 365 1154 et
376 1104 455 1156 areta
464 1102 513 1156 oto
567 1106 593 1157 et
604 1117 659 1157 non
673 1103 815 1156 morietur.
824 1101 868 1170 Et,
883 1101 949 1173 quia
959 1100 1120 1159 incerteest
1129 1102 1159 1158 in

62 1169 138 1225 ducit
148 1169 186 1224 ed
198 1172 296 1238 citam,
311 1175 338 1225 et
348 1173 435 1252 pauci
448 1176 514 1227 sunt
567 1173 701 1230 omuibus
720 1172 863 1240 aetatibus,
878 1172 995 1230 cuilibet
1012 1174 1085 1229 hora
1103 1189 1158 1230 io-

62 1244 139 1298 niioit
154 1239 402 1312 eothupliciter
416 1247 512 1300 autem
568 1242 689 1300 cationis
719 1259 789 1309 suae,
816 1247 933 1314 paratus
964 1243 1159 1315 unusquisque

62 1313 173 1393 ¹relicus
196 1328 203 1368 ι
221 1310 250 1368 in
267 1312 400 1395 praesenti
419 1313 455 1370 ad
474 1314 515 1370 la·
568 1316 654 1372 debet
668 1329 732 1370 esse
743 1315 772 1370 iii
784 1314 861 1370 bona
875 1313 1054 1386 operatione,
1064 1320 1096 1371 ut
1107 1314 1160 1371 sio·

62 1399 86 1441 ιιι
103 1382 197 1440 futuro
216 1383 253 1439 ad
274 1399 411 1455 requiem.
433 1386 514 1443 Unde
567 1392 600 1442 ut
618 1385 745 1442 incertus
768 1388 812 1441 est
832 1385 932 1452 exitus,
951 1383 993 1442 sie
1011 1393 1107 1443 certus
1122 1384 1159 1442 sit

64 1459 158 1513 estut
185 1454 358 1528 quicumque
388 1456 514 1513 futuram
568 1456 694 1514 inbono
721 1472 809 1529 opere
827 1454 959 1526 animus;
976 1473 1013 1514 ne
1037 1458 1111 1514 forte
1134 1455 1159 1515 si

62 1524 186 1583 itionem
208 1525 364 1595 desiderat,
379 1542 514 1600 praesen·
568 1528 682 1601 quaudo
698 1531 802 1599 polest,
820 1544 879 1585 non
893 1528 954 1585 vult
971 1530 1077 1587 honum
1093 1544 1158 1601 ope·

74 1596 200 1669 refugiat
218 1598 365 1667 laborem,
383 1599 513 1671 quiailli,
568 1599 637 1669 rari,
653 1611 723 1656 tunc
738 1598 794 1655 inci
817 1598 858 1657 iet
871 1600 945 1656 velle
967 1602 1082 1672 quando
1100 1616 1158 1657 uon

62 1670 110 1752 leo
124 1668 421 1751 fideliterususcipiunt
437 1671 515 1729 lelio-
568 1671 622 1729 erit
640 1687 736 1755 posse.
756 1615 898 1729 [legemus
916 1687 985 1744 ergo
1009 1670 1086 1730 omni
1108 1670 1156 1729 die

62 1748 133 1797 citer
145 1747 312 1812 pervenient
326 1741 362 1798 ad
381 1758 514 1800 remune·
568 1745 608 1801 sic
621 1759 729 1812 vivere,
743 1748 890 1825 tamquam
900 1741 950 1799 illa
965 1741 1011 1800 die
1027 1741 1158 1801 morituri

62 1838 77 1879 ι,
159 1814 215 1868 udo
232 1811 514 1871 audieutllomiuum
568 1812 1159 1885 simus;utsiciesiduumtemporisnostri

62 1899 85 1941 i:
128 1885 200 1939 enite
211 1884 249 1939 orl
258 1900 398 1941 meomnes
412 1890 462 1956 qut
474 1888 515 1941 lo·
569 1885 711 1956 possimus
725 1891 888 1967 exspectare
905 1884 1009 1942 securi.
1025 1885 1105 1942 Unde
1118 1884 1160 1942 ait

62 1957 185 2011 {comati
200 1958 276 2020 estis,
290 1962 316 2011 et
329 1972 378 2026 epo
392 1960 513 2027 reficiam
567 1960 670 2015 Seneca
689 1974 696 2011 ι
722 1978 737 2006 «
756 1957 802 2013 Sic
823 1954 1001 2011 ordinandus
1030 1960 1073 2012 est
1098 1956 1160 2013 dies

62 2031 126 2083 ento
143 2026 281 2098 majorem
300 2027 514 2085 remuneratio-
568 2030 672 2095 omnis,
684 2032 831 2098 tamquam
842 2030 926 2097 coget
940 2041 1061 2098 agonem
1072 2030 1159 2098 atque

62 2096 159 2170 ipieut,
180 2103 288 2169 quanto
312 2100 450 2171 maiorem
474 2099 513 2157 ls·
568 2100 680 2173 eipleet
694 2097 791 2153 vitam.
807 2096 861 2154 llle
873 2095 1058 2153 beatissimus
1072 2102 1099 2153 et
1115 2112 1158 2154 se·

62 2168 190 2237 istineut,
206 2169 283 2241 quia,
304 2177 375 2227 teste
391 2174 513 2243 Aposto·
568 2187 653 2228 curus
663 2167 707 2226 sui
719 2184 867 2239 possessor
876 2174 929 2233 est,
940 2166 989 2240 qui
999 2170 1157 2227 crastinum

63 2243 182 2313 quiaque
194 2244 338 2313 propriam
354 2243 512 2314 mercedem,
569 2243 632 2299 siue
645 2239 839 2298 sollicitudine
851 2246 1005 2312 exspectat.
1021 2242 1099 2297 Inter
1114 2256 1157 2298 ce·

62 2329 81 2369 u
112 2312 239 2370 laborem
268 2329 363 2383 suum,
384 2317 512 2386 accipiet.
569 2319 631 2371 tere
656 2312 742 2381 mele,
758 2313 811 2369 hoc
838 2313 925 2369 habet
949 2309 1070 2369 stultitia
1087 2327 1156 2384 pro·

62 2399 118 2456 qo,
132 2383 298 2456 quiaioceti
314 2400 419 2453 sumus,
436 2385 514 2442 novi·
567 2386 673 2457 prium,
693 2383 768 2457 quod
795 2400 908 2456 semper
932 2382 1032 2456 incipit
1049 2381 1155 2441 rivere.

62 2471 117 2513 uui
130 2472 197 2512 vero
208 2456 303 2525 electi,
318 2457 412 2514 adhuc
429 2459 511 2523 igno·
568 2455 641 2524 Quid
656 2465 700 2513 est
718 2455 837 2529 turpius,
853 2470 939 2527 quam
961 2470 1046 2512 senei
1062 2453 1157 2512 virere

62 2529 93 2585 ui
122 2526 188 2584 idco
212 2532 292 2585 tauto
330 2527 513 2585 sollicitiores
568 2526 730 2600 iucipiens?
749 2526 905 2583 Considera
926 2541 1013 2597 quain
1037 2524 1158 2597 pulchra

62 2614 138 2655 emus
156 2597 270 2655 inbono
290 2615 388 2671 opere,
405 2605 512 2672 quanto
568 2615 615 2656 res
629 2602 667 2655 sit
685 2613 885 2657 consummare
900 2596 988 2653 vitam
1002 2601 1069 2653 ante
1084 2612 1159 2652 mor·

62 2669 133 2727 biles
151 2686 203 2726 nos
216 2686 278 2727 esse
292 2671 399 2727 scimus
414 2672 451 2729 de
465 2687 512 2727 vo·
568 2675 636 2731 tem.
661 2669 765 2727 deinde
791 2674 955 2740 exspectare
977 2681 1077 2725 secure
1094 2665 1159 2722 reli·

62 2742 142 2799 Unde
158 2742 324 2811 Greporius:
342 2745 429 2799 oliuo
442 2759 511 2814 ergo
568 2758 653 2813 quam
677 2741 721 2798 sui
746 2739 885 2821 temporis
910 2746 1032 2812 partem.
1062 2738 1159 2796 Nullus

62 2830 77 2871 e
88 2812 208 2870 sollicite
220 2830 342 2885 pensare
354 2813 491 2871 debemus
502 2831 510 2870 ι
568 2813 646 2869 enim
656 2812 744 2869 vitam
757 2811 787 2866 in
797 2814 956 2867 crastinum
966 2813 1085 2881 spectat,
1096 2810 1158 2865 Nou

63 2891 117 2954 est,
131 2889 161 2940 ut
175 2883 210 2941 de
220 2901 250 2941 sc
263 2885 383 2968 quisque
393 2884 511 2942 minime
568 2884 644 2941 euim
664 2884 774 2950 vivunt,
789 2881 840 2937 sed
863 2879 965 2935 victuri
984 2879 1082 2935 omnia
1093 2876 1160 2958 'dii-

62 2962 87 3021 .t,
112 2955 179 3029 quia
198 2956 251 3011 etsi
271 2973 332 3028 pam
360 2957 397 3012 ad
423 2956 511 3013 iidem
568 2956 684 3011 lerunt:
702 2949 1160 3030 »heecseneemllultumquippe

62 3027 100 3097 iit,
114 3033 208 3084 ulrum
222 3029 342 3099 perenni
356 3043 447 3099 regno
461 3026 512 3084 di-
565 3028 649 3099 juvat
677 3025 714 3082 ad
742 3021 912 3079 vincendam
938 3019 1159 3102 delectationem

73 3100 179 3167 nescit,
197 3100 354 3156 secundum
374 3116 440 3155 iero
456 3106 510 3168 est,
570 3097 688 3169 peccati,
706 3094 865 3151 recordatio
880 3098 982 3148 mortis
995 3090 1097 3149 ellinis
1109 3106 1160 3147 uo·

63 3169 165 3243 uisque
181 3170 352 3242 proximum,
363 3186 448 3242 quem
460 3171 512 3243 ja·
568 3168 631 3226 stri.
649 3166 728 3225 Unde
747 3163 888 3238 Sapiens:
904 3167 937 3221 ln
952 3164 1079 3220 omnibus
1096 3177 1159 3235 ope·

62 3256 122 3299 isse
142 3241 172 3298 iu
194 3240 270 3298 viliis
294 3242 444 3325 conspicit,
459 3243 511 3299 de·
567 3243 646 3298 η’ὁιιι
665 3241 722 3296 tuis
733 3237 1044 3295 memorarenouissimo
1057 3240 1117 3302 tuo,
1129 3241 1156 3293 et

62 3328 111 3370 ion
127 3312 243 3382 audeat,
259 3313 328 3385 quia
342 3312 448 3371 diiinae
462 3313 513 3370 mi·
567 3317 598 3370 in
611 3318 741 3370 eternum
750 3327 804 3366 noo
813 3309 949 3381 peccabis.
965 3309 1081 3365 Undeel
1091 3306 1156 3365 Gre-

63 3383 209 3442 aediiilias
221 3385 343 3457 ignorat.
355 3385 512 3454 Quidenim
567 3388 661 3455 portus
683 3401 691 3439 ε
712 3404 728 3433 ιι
746 3381 790 3439 Nil
802 3388 913 3438 tautum
930 3378 967 3437 ad
982 3380 1157 3462 domandum

62 3472 82 3524 e,
99 3455 268 3529 aspicimus;
286 3456 337 3514 sed
356 3457 425 3530 quid
448 3473 513 3514 cras
568 3454 774 3513 desideriorum
805 3452 962 3510 carnalium
981 3456 1156 3535 'appetitum

62 3526 95 3584 sit
121 3527 329 3600 unusquisque,
356 3527 511 3586 nescimus.
567 3529 653 3596 velet,
666 3532 802 3599 quantum
816 3531 846 3584 ut
867 3540 1059 3597 unusquisque
1075 3539 1160 3581 mor-

62 3614 109 3668 ue,
134 3606 164 3656 et
187 3601 235 3726 qui
259 3606 324 3672 post
343 3616 396 3682 iios
416 3599 513 3657 venire
567 3605 625 3657 tem
640 3605 750 3726 penset:
767 3619 781 3650 »
798 3596 878 3657 Unde
888 3596 974 3654 etiam
983 3597 1160 3679 chordue:

63 3670 514 3800 ,liittltl‘tlletltl
569 3666 1163 3824 trilllliilllinilllzllltil}

149 3784 157 3809 t
503 3772 514 3785 ⁸
871 3787 877 3807 r

73 3828 159 3885 quem
176 3813 261 3871 hodic
276 3813 379 3887 praeire
393 3813 514 3871 videba—
569 3818 702 3872 mortem.
719 3832 734 3866 ιι
768 3813 886 3869 llultum
902 3811 990 3869 etiam
1002 3817 1083 3885 Juvat
1109 3825 1163 3869 nos

62 3884 128 3941 lude
143 3892 172 3941 et
184 3886 406 3956 chrysostomus:
423 3905 438 3939 ιι
450 3887 515 3942 llaec
569 3884 683 3941 desides
699 3890 728 3940 et
742 3883 849 3967 pigros,
861 3886 959 3941 lesum
975 3890 1003 3940 et
1015 3878 1163 3939 studiosos

62 3957 171 4029 ‚posite
185 3961 237 4023 est,
250 3961 281 4014 ut
291 3956 341 4029 qui
355 3957 434 4013 tarde
450 3972 515 4014 coii-
570 3958 711 4030 aspicere,
727 3971 749 4013 ei
763 3959 894 4013 volumus
908 3972 964 4012 non
978 3953 1090 4010 desides
1099 3950 1162 4009 lieri

63 4042 149 4084 rnon
163 4028 326 4100 desperent.
341 4028 390 4085 sed
410 4027 515 4084 avidio-
569 4037 599 4086 et
612 4026 755 4101 pigritari,
771 4030 820 4086 sed
832 4028 942 4084 fervere
955 4023 1049 4096 potius
1059 4024 1088 4078 et
1097 4035 1162 4093 pro-

61 4104 88 4169 ις
105 4098 240 4170 quoniam
264 4099 295 4156 in
320 4101 373 4156 hec
388 4097 516 4156 vitenon
570 4100 674 4168 licere3
700 4098 766 4156 inde
785 4098 861 4158 enim
885 4094 1014 4165 exempla
1034 4097 1061 4150 el
1084 4093 1161 4151 boue

62 4185 108 4228 era
120 4170 301 4243 poenitentia,
309 4170 379 4243 quin
391 4170 414 4227 si
430 4171 516 4227 corde
571 4173 662 4229 multe
677 4171 832 4243 poterimus
848 4171 1005 4240 reportare.

62 4438 68 4463 i
83 4408 283 4475 lautissimi,
299 4424 386 4466 renus
396 4412 447 4465 lll.
