2820 4928
149 414 183 464 53
503 398 675 453 -SbCUNDAE
702 399 827 453 illlis
855 400 959 452 ullor
988 400 1032 453 l'll

151 523 244 578 menta
268 517 299 570 in
315 512 397 585 pedes
410 509 480 579 ejus,
497 506 526 564 id
551 512 594 564 est
607 514 740 565 constan·

153 591 222 648 tiam
236 591 333 644 contra
355 584 475 638 adversa
486 597 494 648 3
507 585 621 650 quarto.
636 580 694 636 reci
718 579 740 635 it

154 664 297 724 laetanter,
324 655 400 712 unde
426 652 556 708 dicitur:
587 654 623 706 st
648 653 686 706 ed
707 668 738 706 u-

154 737 206 790 rite
215 731 334 787 trientem
346 727 517 795 saginatum,
532 727 557 777 et
569 723 701 789 occidite,
713 727 739 779 et

152 804 347 861 manducemus
361 804 387 853 et
401 798 552 867 epaulemur.
569 795 645 850 Deus
660 796 736 850 enim

154 876 207 948 ipa
218 871 366 946 praenitenti
383 865 633 945 consolationeset
643 864 737 921 dulce·

154 938 655 1007 dinesiiilunnit,etineonversmne
673 952 735 1006 pec·

155 1016 257 1076 catoris
268 1014 329 1085 ipse
338 1015 424 1081 Deus,
440 1008 589 1080 etllngeli,
600 1014 737 1064 etomnes

155 1085 394 1157 Sanctigaudent.

188 1167 218 1220 15
237 1162 397 1216 lanciano
424 1170 546 1209 sexionis
562 1169 683 1208 saurais.
701 1181 736 1192 —

151 1238 221 1292 Erat
236 1237 326 1286 autem
341 1229 418 1299 filius
431 1227 491 1296 ejus
504 1227 595 1280 senior
609 1228 639 1278 in
654 1238 736 1291 apro.

153 1308 180 1361 iil
195 1310 237 1360 est
251 1301 384 1359 iudaicus
396 1297 514 1368 populus
525 1295 552 1350 in
564 1295 641 1351 cultu
654 1294 736 1348 einins

153 1376 205 1433 Dei
224 1377 376 1443 ‹iccupatus
406 1374 478 1434 erat,
506 1368 609 1437 Legem
637 1366 735 1446 obser-

152 1446 265 1514 uand03
289 1443 332 1499 vel
367 1438 544 1496 Christianus
570 1439 597 1491 in
626 1438 736 1506 justitia

153 1529 351 1591 perseuerans,
363 1511 478 1567 remisse
493 1517 588 1564 tamen
612 1522 735 1576 operan-

152 1595 199 1645 do.
216 1591 251 1644 lit
264 1601 325 1641 oum
337 1585 441 1638 ueniret
458 1585 483 1635 et
496 1581 736 1650 appropinquaret

151 1661 256 1723 domui,
268 1655 377 1712 seilicet
387 1651 531 1718 Ecclesia,
542 1651 653 1705 audiuit
663 1665 736 1718 spin-

151 1732 286 1803 plioniom
306 1730 332 1781 et
356 1726 477 1787 eliorum,
507 1721 615 1778 scilicet
644 1723 733 1790 poeni·

152 1807 246 1858 tentes
260 1802 349 1855 Deum
366 1792 598 1863 laudantes,etin
614 1794 734 1849 Domino

152 1869 473 1946 gaudendoepulantes;
488 1871 513 1921 et
530 1867 638 1921 uocauit
650 1880 734 1919 unum

150 1946 185 2002 de
206 1945 302 2003 seruis.
326 1946 352 1996 et
377 1940 559 2005 interrogauit
586 1935 655 2007 quid
680 1937 735 1991 baec

151 2022 250 2084 essent,
264 2014 371 2071 scilicet
388 2013 459 2068 lesia
471 2009 601 2065 Ecclesiae
613 2005 657 2063 uel
667 2023 734 2088 gau-

151 2089 210 2145 dia.
227 2092 308 2156 leque
326 2086 404 2138 dicit
422 2084 467 2136 itti
482 2098 489 2136 ε
504 2084 601 2137 Frater
615 2083 689 2145 taius,
704 2077 735 2133 ld

151 2167 194 2215 cst
210 2155 328 2214 Gentilis
359 2152 492 2225 populus,
523 2150 565 2205 vel
589 2157 733 2221 peccator,

150 2231 235 2292 uenit,
252 2225 359 2283 scilicet
382 2223 417 2279 ad
440 2222 525 2278 fidem
541 2226 568 2276 el
592 2224 733 2290 poeniten·

152 2304 242 2368 tiam3
260 2304 285 2353 et
300 2297 401 2352 occidit
423 2299 505 2364 peter
530 2298 604 2359 tuus,
632 2293 660 2347 id
690 2298 734 2348 est

152 2375 237 2433 Deus,
245 2367 292 2440 qui
305 2372 347 2423 esi
359 2368 443 2422 Pater
452 2362 578 2419 omnium
594 2378 645 2434 per
658 2378 734 2419 crea-

152 2446 274 2509 tionem,
294 2440 413 2494 uitulum
436 2440 606 2505 supinatum,
633 2434 661 2489 id
691 2441 733 2492 cst

154 2513 309 2578 Christum,
332 2508 407 2581 quod
433 2507 570 2579 intellige,
594 2510 733 2576 utsupra

151 2587 260 2642 dictum
275 2586 328 2641 est.
345 2583 413 2650 quie
427 2580 536 2634 saluum
550 2580 642 2647 ipsum
657 2593 732 2632 rece·

147 2660 205 2729 pit,
217 2654 324 2710 seilicet
334 2649 473 2708 Gentilem
481 2652 616 2722 populum
629 2655 657 2704 et
667 2663 731 2718 pec-

151 2736 286 2784 catorem.
301 2724 465 2792 Indignatus
480 2730 519 2776 est
538 2724 629 2774 autem
644 2718 733 2776 frater

149 2815 254 2868 senior,
271 2796 336 2853 talis
350 2809 427 2851 enim
443 2792 597 2865 aliquando
612 2791 732 2847 miratur

149 2871 227 2945 quod
239 2872 312 2926 lleus
326 2865 440 2938 respicit
450 2867 540 2947 magis
552 2868 731 2944 peccatorem

148 2956 326 3010 conuersum,
337 2938 432 2995 dando
443 2938 469 2994 ei
482 2940 616 2992 virtutem
628 2933 728 2989 lortius

146 3012 295 3087 operandi,
322 3016 350 3067 et
372 3008 437 3065 talis
463 3007 614 3064 admiratio
640 3009 732 3086 potest

148 3088 204 3142 dici
225 3083 382 3154 indignatio
410 3079 489 3151 large
516 3076 670 3148 loquendo,
699 3093 729 3132 m

150 3160 289 3228 quantum
308 3151 374 3208 talis
397 3165 453 3206 non
481 3149 595 3204 uidetur
624 3147 729 3217 dignus

147 3233 228 3284 tanto
246 3226 337 3289 bouo;
351 3226 376 3277 et
391 3220 500 3276 nolebat
513 3221 639 3285 introire,
652 3218 728 3274 scili-

150 3306 195 3354 cet
206 3296 242 3353 ad
256 3291 460 3357 convivium,id
470 3291 547 3345 estin
561 3287 727 3359 Ecclesiam,

152 3369 196 3425 vel
225 3369 253 3423 in
282 3373 462 3436 peccalorum
489 3361 729 3430 communionem,

146 3444 264 3513 propter
290 3432 524 3507 indignationem.
557 3434 639 3487 Peter
663 3448 727 3503 erpo

146 3514 236 3578 iltius,
251 3509 357 3564 scilieet
369 3506 562 3573 Deus,volens
576 3501 727 3581 pacificare

147 3599 211 3639 eum
225 3585 254 3638 et
265 3594 396 3636 amovere
411 3578 484 3633 bano
496 3575 725 3642 admirationem,

145 3670 197 3710 seu
208 3649 445 3723 indignationem,
473 3652 502 3703 et
515 3648 632 3715 cupiens
646 3645 724 3701 bunc

144 3727 265 3781 salvare:
277 3724 342 3780 Vult
352 3719 428 3777 onim
440 3733 530 3775 omnes
542 3719 663 3773 homines
672 3719 727 3772 sui·

144 3813 193 3854 eos
206 3798 301 3868 fieri...
316 3807 449 3862 egressus,
466 3791 573 3846 seilicet
588 3793 623 3845 de
640 3789 724 3845 domo

145 3883 299 3942 synagoge
316 3868 345 3921 iu
362 3863 526 3930 Ecclesiam,
541 3861 585 3916 vel
601 3862 636 3915 de
650 3861 725 3931 rigo·

142 3957 174 3997 re
186 3940 305 4013 justinae
323 3937 359 3993 ad
375 3931 601 3991 misericordiam
616 3948 624 4000 ;
644 3934 724 4003 oepit

141 4029 240 4086 repere
254 4013 345 4079 illum,
363 4022 414 4076 per
426 4021 466 4074 se,
484 4002 593 4059 scilicet
610 4006 724 4084 interna

139 4084 345 4157 inspiratioue;
365 4083 394 4134 et
421 4093 472 4148 per
500 4089 566 4130 suos
592 4089 722 4153 picarios,

140 4156 248 4213 scincet
271 4151 427 4225 apostoliea
451 4146 667 4227 praedicatione,
696 4152 725 4202 et

140 4227 262 4284 aliorum
284 4221 456 4289 eruditione,
483 4216 633 4273 ostendeus
647 4222 723 4288 Justo

140 4301 218 4369 qued
233 4300 287 4355 boc
301 4312 358 4353 non
376 4291 504 4365 prouenit
530 4305 563 4344 cx
583 4293 662 4360 parte
676 4305 721 4344 ve·

140 4372 209 4426 teris
233 4363 390 4441 peccatoris
408 4361 583 4437 poenitentis,
612 4359 662 4418 sed
690 4376 724 4417 ex

796 506 907 563 infinita
936 505 1064 562 bonitate
1102 505 1154 563 [lei
1189 508 1374 580 conterentis,

794 581 951 635 secundum
970 594 1023 634 sua
1039 593 1107 634 vera
1119 577 1237 648 judicia
1263 583 1375 639 faculta-

792 649 1376 726 temomniumtrauscendeutia;etquod

792 721 932 794 uiriilquid
948 723 1168 802 operaturjuste
1185 724 1231 790 nt,
1247 723 1317 781 licet
1330 730 1374 782 bo·

792 792 915 849 minibus
940 792 1093 862 aliquando
1119 792 1209 850 aliter
1234 795 1372 853 videatur.

790 868 830 921 At
842 867 890 919 ille
902 864 1069 935 respondens
1084 864 1161 920 dicit
1175 869 1263 935 patri
1278 885 1328 925 suo
1342 870 1376 924 in·

791 934 965 1006 dignationis
980 951 1038 992 suae
1050 950 1166 991 causam
1179 939 1373 997 ostendendo:

790 1010 858 1063 Ecce
875 1011 913 1063 tot
943 1010 1024 1062 onais
1052 1009 1141 1063 servio
1174 1010 1244 1077 tibi,
1277 1011 1376 1067 scilieet

791 1080 872 1145 Legis
884 1078 1022 1150 justitiam
1041 1079 1189 1143 sectando,
1210 1081 1256 1137 vel
1278 1098 1330 1154 pro
1353 1089 1376 1139 te

791 1151 865 1206 mala
881 1149 1059 1218 sustinendo,
1076 1156 1105 1205 et
1124 1150 1209 1207 bona
1238 1154 1376 1218 iaciendo,

790 1228 816 1278 ot
831 1238 980 1292 tiemonem
994 1221 1156 1276 mundatum
1168 1228 1252 1280 tuum
1268 1234 1375 1295 preter·

790 1296 840 1356 ici,
861 1293 937 1364 quad
955 1291 1062 1348 scilicet
1078 1292 1168 1348 estdc
1184 1311 1244 1351 uno
1261 1299 1322 1355 Deo
1335 1315 1375 1355 co·

790 1363 886 1432 lendo,
904 1365 946 1418 rel
961 1379 978 1419 a
990 1362 1098 1435 Jusiitia
1111 1363 1231 1437 incepta
1241 1370 1375 1426 receden-

789 1435 836 1503 do,
864 1439 889 1490 et
904 1442 1000 1491 tamen
1025 1451 1178 1506 numquam
1192 1440 1303 1496 dedisti
1315 1443 1376 1497 mili

790 1508 907 1575 lioedum,
923 1506 989 1578 quia
1006 1505 1101 1562 omnia
1115 1507 1264 1568 beneficia
1275 1512 1375 1568 Veteris

790 1577 875 1651 Legis
891 1578 999 1634 modica
1024 1586 1101 1645 sunt,
1118 1586 1146 1634 et
1185 1584 1248 1638 uasi
1277 1583 1374 1639 nullius

789 1650 977 1720 reputationis
1003 1656 1134 1721 respectu
1193 1654 1373 1712 enebeiemm

788 1723 873 1777 Nouae
889 1720 980 1794 Legis,
990 1726 1022 1776 ut
1036 1737 1099 1777 oum
1114 1725 1218 1779 amicis
1232 1729 1305 1782 meis
1320 1744 1374 1799 epu·

790 1794 872 1861 turer,
884 1792 990 1848 scilicet
999 1808 1062 1848 oum
1074 1794 1239 1865 Prophetis,
1254 1798 1373 1855 Patriar·

789 1863 849 1920 obis
862 1870 891 1920 et
904 1863 1019 1936 Angelis
1037 1881 1044 1931 ;
1069 1863 1113 1920 vel
1128 1866 1264 1937 boedum,
1291 1870 1318 1925 id
1338 1876 1374 1926 est

788 1939 898 1991 tantam
926 1941 1104 2004 peecatorum
1134 1940 1372 2008 exprobationem

788 2011 817 2063 et
831 2006 1084 2075 abominationem,
1108 2013 1139 2062 ut
1163 2010 1305 2081 epularer
1329 2029 1372 2085 per

788 2077 946 2133 devotionis
963 2078 1113 2134 seriorem.
1142 2079 1203 2136 Sed
1226 2090 1371 2156 postquam

787 2151 863 2218 filius
878 2157 941 2204 tuus
956 2151 1011 2216 bie,
1026 2153 1076 2219 (μα’
1088 2150 1240 2209 decorarit
1250 2157 1371 2212 substan·

788 2223 856 2275 tium
871 2236 960 2289 suem,
986 2220 1095 2277 scilicet
1118 2226 1317 2294 temporalem
1344 2234 1369 2284 et

787 2291 976 2361 spiritualem,
992 2309 1052 2347 oum
1067 2298 1274 2367 meretricibus,
1299 2300 1325 2355 id
1336 2302 1370 2356 esl

787 2378 850 2418 cum
867 2363 1027 2419 carnalibus
1042 2362 1156 2420 uitiiset
1169 2366 1368 2439 spiritualibus.

786 2436 871 2502 uenit,
887 2435 1012 2490 occidisti
1027 2436 1182 2493 aevitatem
1201 2443 1368 2510 saginatum,

787 2505 895 2561 scilicet
909 2505 1063 2574 Christum,
1080 2505 1122 2561 vel
1148 2509 1259 2577 dedisti
1276 2515 1302 2569 ei
1320 2529 1369 2569 me·

786 2592 850 2648 gnae
868 2576 1027 2634 devotionis
1051 2577 1273 2649 pinguedinem.
1302 2586 1368 2653 Qua·

787 2647 810 2703 si
829 2647 945 2713 diceret,
970 2649 1126 2706 seeundum
1160 2653 1367 2713 ordinationem

786 2724 865 2775 luam
878 2720 931 2775 boc
947 2719 1011 2776 luit.

823 2796 853 2847 rb
864 2792 996 2858 Quouooo
1005 2809 1021 2847 s
1030 2809 1114 2848 rarae
1122 2809 1366 2855 nerameamarei.

784 2862 824 2917 At
840 2865 908 2933 ipse,
918 2862 1025 2919 scilicet
1039 2868 1120 2935 pater
1128 2867 1205 2936 ejus,
1222 2869 1303 2927 dixit
1318 2871 1366 2935 ilii,

785 2932 893 2989 seilicet
916 2933 975 2989 lilio
990 2950 1042 2990 suo
1071 2933 1193 3003 seniori,
1225 2945 1365 3013 nmquam

783 3007 848 3075 pius
862 3008 943 3076 pater
952 3003 1043 3076 ipsum
1055 3004 1281 3076 placarevolens
1290 3034 1297 3068 ι
1307 3013 1365 3077 Pili,

785 3081 814 3131 tu
827 3092 932 3147 semper
946 3093 1049 3132 meeum
1061 3092 1099 3146 cs,
1108 3078 1221 3135 seilicet
1234 3081 1366 3153 perlaeg'u

784 3147 1004 3216 observantiam,
1020 3148 1061 3204 vel
1078 3163 1130 3219 per
1139 3149 1269 3220 iustitiae
1284 3160 1365 3210 coste

783 3219 861 3274 diam
875 3235 882 3286 ;
897 3224 922 3273 et
936 3222 1095 3275 omniorum
1107 3225 1158 3274 tua
1170 3228 1252 3293 simi,
1266 3225 1364 3281 scilicet

783 3289 859 3345 bona
872 3289 972 3360 gratiae
985 3289 1014 3345 in
1033 3306 1076 3359 re,
1091 3296 1120 3346 et
1134 3292 1212 3349 bona
1227 3295 1327 3367 gloriae
1340 3296 1363 3350 iu

782 3376 840 3430 spe.
857 3361 940 3428 Quasi
963 3361 1091 3418 diceret:
1118 3363 1284 3436 Tamquam
1307 3368 1363 3440 juro

782 3430 957 3488 hereditario
974 3448 1023 3503 per
1041 3431 1171 3490 debitum
1200 3451 1362 3495 remunera·

781 3504 867 3559 tionis
879 3502 931 3559 nbi
944 3503 1040 3561 omnia
1055 3520 1118 3561 mea
1125 3504 1285 3568 debentur.
1297 3509 1363 3582 Epi·

782 3575 838 3629 tari
851 3579 943 3631 autem
957 3580 983 3632 et
995 3576 1116 3645 paudere
1127 3581 1290 3651 oportebat,
1303 3582 1362 3652 quie

778 3648 870 3714 frater
885 3651 948 3703 tuus
974 3649 1028 3716 liic,
1045 3646 1164 3717 scilicet,
1186 3653 1269 3710 unde
1300 3666 1359 3709 cou-

780 3717 904 3787 gaudere
912 3717 1042 3788 deberes,
1058 3734 1114 3775 non
1124 3717 1285 3793 indignari,
1299 3737 1361 3779 mor·

781 3795 930 3858 tumeret,
958 3789 1065 3847 scilieet
1091 3805 1144 3861 per
1177 3793 1359 3863 privationem

780 3859 860 3929 bilei,
877 3876 940 3931 quas
964 3866 1008 3919 est
1026 3860 1130 3918 animae
1147 3864 1220 3931 vita,
1250 3866 1294 3924 vel
1319 3876 1362 3936 per

780 3930 958 3988 amissionem
973 3931 1143 3989 innocentiae
1155 3939 1184 3991 et
1194 3935 1359 4008 justitiae,et

779 4006 893 4071 reeicit,
910 4019 961 4076 per
974 4003 1185 4076 susceptionem
1201 4006 1271 4064 fidei
1284 4014 1311 4063 et
1322 4019 1357 4061 re

779 4075 991 4143 superationem
1007 4075 1180 4133 innocentiae
1198 4094 1206 4147 ;
1232 4080 1356 4151 perierm,

781 4156 896 4218 propter
922 4163 1033 4204 morum
1055 4145 1254 4219 amissionem,
1268 4156 1295 4206 et
1318 4152 1354 4203 in·

779 4226 877 4274 uentus
895 4225 945 4288 est,
968 4216 1037 4290 quia
1054 4217 1186 4276 redditus
1214 4219 1299 4279 matri
1312 4217 1354 4276 Ec

779 4288 997 4363 clesiaepropter
1009 4289 1253 4350 emendationem.
1269 4293 1353 4350 llouu

779 4376 845 4419 eum
863 4363 1011 4434 gaudere:
1033 4360 1101 4437 quia
1117 4362 1147 4419 in
1160 4363 1218 4422 boc
1240 4364 1350 4437 apparet
