2820 4928
282 258 320 313 bl:
347 261 502 318 stataria
530 262 569 317 lit
595 263 762 318 onttttlt't
791 263 910 317 bostut
938 262 971 315 lli
997 261 1104 315 cattus.
1265 252 1307 310 tal

85 374 171 433 quam
195 365 334 424 destruxit
356 385 408 442 per
430 371 617 429 afflictionem
643 379 673 429 ot
730 369 834 429 mentis
846 372 967 428 maxime
981 370 1086 427 relucet
1099 370 1126 426 iu
1142 368 1248 437 aculis;
1265 366 1314 425 ubi

84 432 230 505 laborcm;
256 445 304 494 out
331 445 549 514 concupiscentia
576 445 673 500 ocub-
729 441 956 509 enimumac,ibi
972 442 1080 498 oculus.
1094 441 1174 499 Unde
1193 443 1310 511 Gltrpaa·

83 521 156 573 raca,
166 521 252 578 quum
264 509 403 568 destruxit
413 528 465 585 per
478 519 672 586 paupertatem
727 522 875 573 atomusro
893 516 1012 585 Propter
1018 513 1071 570 hoc
1084 512 1114 569 iu
1130 513 1232 570 coelum
1248 527 1313 568 ocu·

83 591 178 659 suamj
201 585 251 636 out
269 585 399 653 superbia
422 588 497 653 aitae,
510 601 596 658 quam
621 588 671 644 de·
728 587 771 644 los
784 586 897 645 levavit.
910 583 1311 656 utstantessursumaspicia-

84 653 186 729 struxit
201 667 252 734 per
265 653 466 713 humilitatem.
479 659 509 713 ln
521 659 574 714 hac
586 657 672 714 victo·
728 675 805 726 mus;
817 675 873 715 non
888 657 977 714 aculis
990 655 1084 713 caruis
1098 656 1201 725 solum,
1218 656 1268 713 sed
1283 658 1313 711 et

84 734 131 801 rra
149 720 253 779 Christi
273 725 378 783 debent
396 728 540 786 confidere
562 728 669 797 Sancti,
727 729 840 787 mentis.
851 728 945 787 Sancti
954 744 1023 800 ergo
1041 728 1211 799 quaudoque
1224 725 1312 784 erecti

84 806 152 869 quta
174 795 403 874 consideratione
428 800 491 856 e‘us
513 800 627 868 armati,
642 809 670 858 et
726 806 755 857 et
767 803 911 859 elevantes
921 800 1018 856 oculos
1035 799 1071 855 ad
1086 798 1188 855 coelum
1204 803 1310 865 lirant,

84 865 236 946 virtutibus
262 868 443 939 munitl,laci
457 870 511 928 iter
535 878 669 942 superant
727 889 782 930 uon
805 880 835 929 ut
856 871 980 944 superbi,
1000 871 1049 927 sed
1072 875 1105 927 ut
1127 869 1258 934 humiles,
1281 874 1311 926 ut

84 939 256 994 tentationes
266 941 375 998 mundi.
389 943 508 1014 Propter
518 944 672 1016 quoddicit
725 943 884 1001 arationem
902 944 936 1000 ad
957 944 1046 999 Deum
1065 940 1263 1013 dirigendam,
1282 946 1311 999 at

85 1002 207 1063 Petrus:
223 1009 330 1069 Christo
344 1017 375 1069 io
389 1031 470 1070 came
482 1031 575 1087 passa,
586 1021 612 1072 ct
623 1032 671 1072 voa
726 1015 849 1072 coelestia
868 1020 979 1071 tautum
995 1012 1120 1140 pelenda
1135 1029 1198 1070 esse
1215 1019 1310 1069 osteu-

83 1077 178 1157 endem
189 1085 353 1147 capitatione
366 1089 525 1142 amamini.
536 1086 588 1154 Qui
601 1104 669 1159 ergo
725 1086 803 1143 daut.
821 1108 834 1139 a
852 1087 931 1144 Unde
947 1087 1000 1142 Psa
1013 1084 1097 1141 mista
1112 1100 1119 1140 ι
1134 1085 1182 1140 Ad
1194 1091 1220 1140 te
1234 1087 1308 1140 leua-

82 1150 296 1230 stcutssbristus
311 1154 670 1229 istacoucupiscibiliaviu-
725 1160 754 1213 ai
772 1161 863 1215 oculas
882 1174 964 1226 meos,
981 1160 1032 1227 qui
1051 1157 1161 1212 habitas
1176 1160 1207 1212 in
1225 1157 1310 1212 enlm.

84 1224 134 1288 ott,
150 1227 235 1279 vtnctl
258 1227 398 1284 mundum
426 1230 458 1284 lit
479 1229 543 1297 hoc,
568 1246 669 1286 secun-
725 1231 759 1286 Et
774 1246 829 1287 uon
846 1232 936 1286 solum
952 1227 1059 1292 oculos,
1075 1227 1125 1285 sed
1139 1231 1167 1284 et
1181 1226 1311 1300 ‹sperati-

83 1290 152 1346 dum
162 1294 311 1374 loaunam,
323 1298 390 1355 lacit
401 1300 472 1356 lldes
484 1305 593 1371 nostra,
604 1302 670 1373 quia
725 1316 795 1357 ones
811 1306 923 1358 nostras
943 1300 973 1356 in
989 1302 1077 1356 Deum
1095 1299 1202 1355 rulerre
1218 1298 1309 1355 debe-

83 1376 148 1418 cum
159 1370 196 1419 stt
206 1368 364 1426 substantia
375 1371 593 1442 sperandorum,
606 1389 668 1444 quae
725 1387 799 1441 mus,
822 1372 978 1429 secundum
1006 1371 1075 1427 illud
1100 1373 1308 1429 Thronorum:

65 1439 153 1513 funt
167 1435 452 1510 bouaspiritualiaet
474 1444 670 1511 aeterna,lacit
724 1446 852 1499 Leuemuc
874 1445 957 1500 corda
980 1449 1085 1511 nostro,
1099 1459 1160 1497 cum
1182 1441 1310 1497 monibus

84 1520 138 1559 nos
157 1513 338 1587 contemnere
363 1514 439 1571 bona
461 1515 622 1586 corporalia
641 1522 670 1572 et
724 1516 762 1570 od
778 1519 860 1572 bearn
879 1518 909 1571 in
927 1517 1001 1572 culm
1021 1534 1029 1569 :
1050 1530 1101 1585 per
1117 1529 1217 1570 manus
1234 1512 1309 1569 enim

85 1580 307 1660 transitoriam
333 1584 389 1641 alia
401 1586 486 1658 plura
501 1585 547 1643 his
564 1586 670 1646 similia
725 1586 910 1658 designantur
935 1588 1124 1656 operationes.
1149 1616 1183 1625 —
1204 1582 1310 1655 Tertio,

86 1654 152 1703 luno
173 1650 286 1710 dicebat
302 1656 448 1714 Dominus.
725 1664 853 1728 respectu
879 1657 1059 1730 sequentium
1077 1674 1084 1712 :
1100 1655 1168 1728 quia
1191 1656 1310 1713 articulo

124 1722 322 1781 130uartouts
344 1730 443 1785 Doutru
468 1747 534 1787 aosr
552 1748 670 1789 numana

83 1806 180 1847 cussa
193 1810 334 1854 narraras.
348 1830 383 1842 -
396 1799 510 1872 Quinto,
522 1801 598 1859 circa
610 1820 669 1860 ser-

85 1876 199 1942 monem
219 1868 374 1939 mediteris,
397 1871 519 1943 qualiter
536 1873 594 1944 ipse
614 1877 670 1931 Do·

84 1946 177 1990 miuus
186 1937 386 2013 lusus,eo‚qui
396 1949 458 1998 erat
471 1944 508 2000 sd
519 1944 671 2017 discipulos

27 2016 34 2025 ·
83 2020 157 2060 serm
171 2022 220 2091 me
242 2010 335 2081 linito,
359 2014 405 2085 (de
429 2030 496 2086 quo,
512 2017 669 2074 secuudum

83 2075 200 2145 Bedam,
213 2096 242 2136 tn
255 2098 337 2140 coena
352 2086 461 2142 locutus
471 2093 515 2143 est
529 2104 619 2160 usquc
633 2091 668 2145 ad

86 2146 145 2229 hnc
172 2152 257 2209 verba
288 2172 295 2211 ε
324 2158 446 2226 Surpite,
474 2175 567 2214 comus
595 2161 668 2233 binc)

84 2217 187 2301 derude
200 2224 301 2281 stando
315 2244 403 2298 usqua
416 2229 451 2285 ad
461 2231 555 2301 hymni
570 2230 666 2298 lluem,

86 2305 167 2376 cupis
191 2292 244 2350 hoc
268 2295 380 2354 initium
397 2305 449 2369 est,
470 2307 496 2357 et
516 2302 668 2360 sublevatis

84 2364 181 2431 aculis,
196 2366 336 2437 aspiciens
350 2373 380 2426 io
399 2374 493 2428 carlum
510 2389 541 2429 sa
558 2374 594 2431 ad
616 2376 668 2431 Pa·

84 2437 156 2488 trem
180 2452 262 2518 suum
288 2443 439 2512 convertit,
464 2449 492 2500 et
513 2445 548 2501 ad
575 2447 667 2517 ipsum

84 2506 170 2561 rerba
185 2507 311 2579 dtrtgcns
327 2528 410 2571 orare
426 2515 521 2587 coepit.
540 2516 668 2574 Christus

83 2582 669 2662 uontantumnoraviladaltquidimpetran-

82 2645 670 2727 dum.scdettamudclaudumuobisoran·

82 2717 110 2772 dt
131 2727 290 2803 exemplum
303 2742 309 2792 ;
324 2730 352 2780 et
366 2726 430 2784 idco
452 2728 543 2785 oratio
558 2746 609 2786 sua
622 2729 668 2787 hie

82 2787 253 2871 describitur
263 2796 602 2864 optimiscircumstantiis
613 2801 669 2858 dis-

82 2868 182 2942 posita.
200 2895 237 2945 ‘.
247 2866 352 2935 Primo,
366 2877 495 2943 respectu
506 2875 668 2945 praecedan-

82 2939 151 2989 ltum
169 2949 257 3017 :quta
278 2946 340 3008 post
353 2958 524 3012 sermonum,
539 2952 567 2999 ct
580 2944 668 3001 disci·

80 3004 211 3088 pulorum
228 3011 454 3083 instructionem,
474 3015 613 3072 convertit
637 3033 667 3072 se

82 3074 118 3130 ad
132 3083 289 3136 orationem
300 3083 353 3138 :ad
368 3084 576 3142 ostendendum
592 3089 666 3158 quod

74 3147 319 3228 complementum
335 3155 506 3225 bonioperis
520 3164 562 3213 est
577 3173 595 3214 a
609 3159 666 3215 lieo

81 3220 298 3303 requirendum
314 3231 353 3294 et,
370 3231 401 3282 ut
415 3242 488 3297 quos
500 3227 667 3285 instruimus

80 3290 178 3370 verbo,
191 3308 322 3363 putemus
336 3299 499 3354 orationum
517 3299 664 3370 sullragio,

80 3374 146 3430 quta
173 3378 266 3421 sermo
295 3366 406 3424 divinus
432 3369 552 3426 maxime
580 3371 666 3427 babet

79 3430 210 3515 ellectum
223 3437 251 3491 in
264 3437 590 3509 cordibusaudientium,
601 3457 665 3499 cum

80 3501 193 3582 lulcttur
210 3510 349 3574 oratione,
370 3526 520 3583 perquam
537 3512 663 3570 divinum

80 3576 248 3658 imploratur
275 3580 428 3650 auxilium3
453 3589 480 3639 et
507 3582 571 3641 ideo
600 3584 664 3641 linis

79 3660 219 3704 sermonis
239 3654 327 3706 nostri
347 3652 432 3710 debet
450 3654 486 3710 ad
506 3655 665 3713 arationem

78 3720 236 3798 terminari.
252 3752 286 3762 —
299 3724 440 3791 Secundo,
453 3733 580 3807 respectu
595 3742 666 3852 prus-

79 3795 201 3845 seutrum
227 3814 233 3847 :
256 3795 323 3863 quia
346 3794 453 3851 orando
468 3797 664 3868 principalitar

78 3857 177 3915 oculos
188 3861 292 3919 levavit
301 3866 337 3921 ad
350 3866 464 3934 caelum,
475 3867 512 3923 ad
526 3867 663 3924 denotan-

78 3928 159 3999 dunr,
174 3934 250 4004 quud
273 3934 302 3991 in
325 3936 404 3993 omni
427 3937 556 3995 oratioue
579 3953 661 3995 mena

78 3999 318 4064 debetelerariin
330 4010 436 4078 Deum;
454 4011 600 4081 quoniam,
617 4024 662 4066 se·

78 4074 662 4148 cundumDamoacenum,oratioestusceu·

78 4166 127 4207 sus
135 4151 279 4208 meutisad
292 4154 390 4209 Deum.
402 4154 478 4210 luter
487 4152 661 4211 aliasautem

77 4228 173 4297 partes
205 4224 340 4297 corporis,
368 4223 516 4298 dispositio
542 4223 661 4282 interior

727 1730 871 1787 Passionis
885 1728 938 1786 sibi
956 1727 1133 1795 imminente,
1149 1733 1177 1785 el
1194 1743 1311 1799 pressu·

726 1802 766 1859 ris
781 1801 983 1874 discipulorum
1000 1798 1153 1873 predictis,
1169 1799 1261 1857 oravit
1274 1798 1310 1856 ad

728 1875 839 1929 Patrem
853 1888 945 1937 suum,
957 1874 992 1930 ad
1005 1870 1223 1951 designandum,
1236 1869 1312 1942 quod

726 1944 867 2015 pressuris
881 1948 909 1999 el
920 1941 1152 2000 tribulationibus
1163 1941 1312 1998 imminen-

724 2016 810 2081 tibus,
828 2015 910 2071 debet
927 2015 1013 2070 homo
1028 2012 1250 2085 perorationem
1267 2028 1310 2069 re-

725 2102 839 2143 currere
853 2087 888 2142 ad
910 2087 1009 2154 Deum,
1024 2084 1097 2140 sicut
1115 2085 1235 2156 bloyses,
1253 2085 1311 2141 Su-

725 2173 826 2224 sanna,
841 2164 870 2214 et
883 2156 931 2213 alii
946 2158 1051 2229 plures,
1066 2156 1260 2212 clamaverunt
1273 2155 1309 2212 ad

726 2229 875 2287 Dominum
892 2244 956 2285 cum
972 2229 1187 2295 tribularentur,
1204 2235 1230 2285 et
1251 2227 1311 2298 ipse

726 2301 857 2359 liberavit
870 2318 930 2358 eos.

763 2379 791 2442 il
811 2375 897 2430 Pmuo
915 2375 1047 2431 Cumarus
1064 2390 1134 2430 llllA'l
1149 2389 1199 2427 rua
1215 2389 1310 2427 seusa·

724 2462 793 2502 raso.
815 2476 848 2487 -
867 2446 936 2502 Orat
951 2450 1046 2501 autem
1069 2443 1196 2502 Christus
1238 2443 1310 2500 rimo

724 2533 775 2587 pro
789 2532 830 2585 sc,
851 2515 953 2572 deinde
972 2530 1024 2586 pro
1043 2515 1187 2572 membris.
1231 2524 1262 2570 ro
1279 2530 1311 2570 se

723 2594 797 2657 orat,
814 2594 873 2643 tum
887 2587 1042 2642 secundum
1059 2586 1214 2643 humanum
1227 2598 1309 2643 natu-

723 2674 796 2728 ram,
810 2663 869 2714 tum
882 2657 1040 2714 secundum
1051 2657 1175 2714 divinam
1190 2680 1197 2713 ε
1212 2673 1311 2713 secuu-

723 2730 791 2786 dum
809 2730 963 2787 humanam
980 2734 1121 2798 naturam,
1138 2744 1188 2799 pro
1204 2727 1308 2784 clarill·

723 2801 873 2858 rationein
889 2800 1032 2868 Passione,
1044 2816 1095 2872 pro
1107 2799 1309 2857 clarificatione

723 2870 960 2939 Resurrectionis,
983 2887 1033 2943 pro
1053 2870 1256 2929 clarificatione
1271 2874 1309 2927 A·

723 2943 888 3012 sceuslouis,
911 2959 961 3013 pro
975 2942 1178 2999 clarificatione
1198 2941 1308 3015 iudicii,

743 3031 809 3072 uam
822 3015 938 3072 habebit
948 3014 976 3070 in
990 3030 1024 3070 eo
1039 3023 1101 3085 past
1114 3013 1197 3082 illud;
1211 3029 1310 3071 secun·

723 3031 790 3143 gum
808 3085 932 3142 diuinam
947 3092 1076 3142 naturam
1091 3091 1154 3142 urat
1168 3100 1220 3168 pro
1235 3083 1309 3140 uoti·

723 3159 763 3214 tia
773 3166 803 3215 et
818 3155 1045 3214 manifestatione
1060 3156 1198 3213 claritatis
1217 3155 1309 3213 Patris

722 3234 750 3284 et
769 3228 842 3296 Filii,
865 3230 893 3284 in
930 3228 1013 3285 uibus
1032 3227 1201 3298 intelligitur
1220 3243 1308 3284 nexus

722 3305 750 3356 et
774 3315 856 3356 atuor
876 3315 922 3356 am
943 3315 1035 3366 urum,
1059 3298 1165 3355 scilicet
1187 3297 1308 3372 Spiritus

722 3372 852 3434 Sanctus,
869 3371 937 3441 quia
958 3370 1083 3427 medium
1103 3386 1179 3443 saepa
1196 3367 1307 3427 intelli-

720 3441 797 3569 gitur
814 3441 842 3497 iu
861 3441 1005 3499 extremis.
1027 3444 1132 3499 llorum
1152 3443 1239 3501 trium
1259 3456 1307 3500 ea·

740 3530 785 3570 em
800 3520 842 3570 eit
853 3513 985 3583 {claritas
1001 3519 1113 3585 natura,
1130 3520 1158 3570 et
1172 3513 1306 3583 essentia,

720 3586 820 3642 eadem
835 3585 972 3657 potentia,
987 3585 1124 3654 scientia,
1140 3590 1169 3642 et
1183 3587 1306 3644 bonitas.

720 3657 850 3713 Postulat
859 3672 928 3727 ergo
938 3657 998 3726 ipse
1009 3656 1137 3714 Christus
1148 3658 1306 3713 claritatem

718 3742 809 3795 suam,
827 3727 863 3782 ab
883 3732 991 3782 aterno
1011 3727 1095 3783 Patre
1114 3726 1252 3794 babilam,
1268 3725 1305 3782 ad

719 3798 872 3853 humanam
901 3794 1091 3866 cognitionem
1122 3801 1150 3852 ct
1175 3797 1305 3854 notitiam

718 3866 881 3938 pervenire;
906 3883 941 3924 ne
965 3866 1058 3939 ipsum
1080 3883 1183 3939 purum
1206 3867 1304 3924 homi-

718 3952 783 3994 uem
799 3937 981 4004 arbitrantes,
1001 3938 1037 3994 de
1056 3937 1198 3995 Passionis
1216 3938 1304 4008 igno—

718 4008 808 4065 minia
823 4009 1023 4067 verecundiam
1045 4009 1194 4078 recipiant,
1215 4027 1248 4067 ac
1269 4013 1305 4068 de

717 4080 942 4139 Resurrectiouis
965 4080 1056 4153 gloria
1078 4080 1263 4153 desperantes
1285 4098 1304 4140 a

716 4152 775 4210 flue
790 4154 937 4211 deficiant.

755 4230 785 4282 t5
811 4226 943 4283 Cauaras
967 4242 1036 4283 arar
1061 4240 1113 4283 rao
1139 4228 1300 4282 Arosrours.
