2820 4928
262 364 303 420 DE
330 362 592 418 EXHORTATIONE
620 363 661 418 itt
689 365 894 429 stateribus
920 366 1104 431 assistunt,
1133 367 1205 423 tire.
1318 368 1347 422 ts

119 470 191 539 Quid
200 469 248 527 hic
257 485 307 526 vos
316 467 408 526 dicitis
418 470 615 528 observatores
627 470 702 529 cibo·

119 558 200 611 rum,
220 557 330 599 morum
359 539 566 623 neglectores?
595 542 702 627 Hippo-

120 621 214 671 crates
224 620 398 685 etseqoaces
409 628 469 683 cJus
479 613 582 671 docent
593 630 701 673 animas

121 687 211 742 salvas
222 686 313 741 iacere
327 683 357 740 in
373 686 425 741 boc
435 686 557 754 mundo;
573 685 702 745 Christus

120 760 150 813 et
167 758 228 829 ejus
247 754 387 827 discipuli,
401 757 528 828 perdere.
545 758 702 825 Quemnam

119 843 169 885 vos
182 845 216 885 er
237 828 349 885 duobus
367 829 447 899 sequi
468 828 634 901 magistrum
653 835 702 888 etit

118 914 231 957 serrum
243 899 279 957 eli
300 897 371 955 itis‘l
385 900 521 971 Epicurus
533 908 618 972 atque
633 903 702 974 liip-

117 977 257 1043 pocrates,
273 916 347 1028 alter
369 972 496 1052 corporis
516 973 701 1045 voluptatem,

117 1043 191 1100 alter
215 1044 320 1101 bonam
344 1042 542 1099 habitudinem
566 1044 703 1116 praelert3

117 1131 199 1172 meus
210 1115 345 1186 Magister
358 1112 505 1184 utriusque
520 1113 562 1170 rei
576 1122 704 1171 contem-

117 1193 198 1259 ptum
212 1186 360 1259 predicat.
374 1182 447 1250 Quid
467 1187 543 1240 enirn
561 1187 614 1240 tibi
628 1186 705 1242 aliud

120 1259 217 1314 sonuit
236 1271 301 1313 oum
315 1254 467 1310 clamatum
481 1262 526 1310 est
541 1272 547 1310 :
563 1256 618 1322 Qut
631 1263 706 1313 amet

46 1386 51 1394 ,
121 1331 245 1383 animam
272 1341 362 1393 mam,
385 1326 483 1396 perdet
499 1327 581 1382 eam?
603 1327 705 1385 Perdet

120 1406 216 1455 autern
229 1396 308 1467 dirit,
319 1397 378 1452 sive
389 1399 530 1466 ponendo,
543 1403 573 1453 ut
583 1405 701 1471 martyr,

117 1471 177 1527 sive
198 1467 362 1547 affligendo,
381 1472 411 1521 ut
431 1472 579 1538 poenitens.
597 1471 701 1537 Quam-

116 1557 201 1614 quam
215 1538 342 1612 mertyrri
357 1552 448 1608 genos
457 1538 503 1607 sit,
514 1541 616 1612 spiritu
628 1543 701 1599 lacta

115 1614 209 1670 carnis
223 1609 406 1677 mortificare,
422 1609 471 1666 illo
488 1611 622 1669 nimirum
643 1629 698 1684 qno

116 1685 245 1741 membra
276 1682 423 1740 caeduntur
453 1682 548 1754 terro,
580 1685 699 1741 horrore

116 1757 231 1828 quidem
243 1754 357 1820 mitius;
372 1754 421 1809 sed
434 1754 622 1812 diuturnitate
638 1771 698 1813 mo·

116 1827 215 1885 lestius
230 1845 238 1884 ε
254 1847 267 1879 ιι
281 1827 342 1883 liaec
351 1824 519 1884 senardus.

151 1923 166 1972 7
177 1901 287 1957 Lummc
297 1912 439 1954 reassumi
451 1916 654 1969 nernsmunmr,
664 1917 700 1957 ur

116 1988 254 2029 roniarda
273 1984 422 2027 secuuntur.
445 2001 479 2013 -
500 1970 608 2027 Deinde
627 1971 700 2027 tollit

114 2044 270 2100 secundum
293 2039 538 2114 impedimentum,
554 2044 629 2115 quod
656 2048 700 2099 est

115 2113 203 2172 nimia
219 2114 357 2187 cupiditas
375 2112 456 2183 lucri,
479 2121 507 2171 et
525 2113 699 2171 desiderium

114 2191 322 2254 terrenorum,
362 2185 488 2245 dicens:
522 2186 594 2255 Quid
627 2188 700 2242 errr'm

149 2259 224 2314 odest
239 2259 355 2326 bomini,
365 2257 530 2316 siccandum
542 2260 699 2313 universum

174 2336 244 2398 etur,
259 2329 365 2400 dequo
380 2329 450 2387 nihil
463 2344 558 2385 secum
574 2330 699 2385 moriens

113 2409 228 2472 portare
243 2401 359 2472 poterit,
386 2399 440 2457 nisi
457 2408 612 2473 peccatum,
628 2399 697 2469 imo,

114 2477 221 2542 quanto
247 2471 311 2544 plus
338 2471 490 2545 acquisivit
516 2472 551 2528 de
578 2471 696 2541 mundo,

112 2549 193 2600 tanm
204 2543 266 2615 plus
273 2544 423 2614 acquisivit
434 2543 468 2598 de
480 2543 607 2611 inlern03
622 2545 696 2599 unde

114 2615 142 2669 in
152 2614 319 2688 Apocalypsi
330 2615 433 2671 dicitur
447 2633 453 2670 :
466 2616 604 2683 Quantum
613 2616 697 2683 plori-

111 2689 205 2756 ptccrit
219 2702 258 2754 se,
287 2691 313 2741 ct
331 2687 480 2743 indettciis
502 2689 569 2755 (uit,
589 2691 696 2742 tantum

111 2757 176 2813 dete
186 2759 232 2812 rue
246 2763 409 2815 tormentum
424 2763 449 2814 et
459 2758 577 2826 lactum
589 2764 617 2813 et
632 2765 697 2830 post

111 2829 169 2885 tale
188 2829 308 2898 lucrum,
324 2833 423 2886 aalma
435 2846 490 2885 sue
503 2830 696 2885 detrimentum

108 2903 246 2982 patietur,
261 2903 368 2959 scilicet
387 2900 544 2959 amittendo
564 2900 695 2971 gloriam,

112 2972 283 3028 incurrendo
298 2989 411 3044 poenam
425 2980 574 3039 aeternam,
589 2976 618 3025 et
631 2984 696 3049 per3

114 3042 207 3098 dendo
218 3044 373 3102 humanam
384 3041 598 3100 substantiam?
611 3040 697 3106 Quasi

114 3112 241 3171 diceret:
257 3117 330 3172 Nibil
346 3116 469 3188 prolicit,
487 3114 545 3168 imo
563 3126 614 3183 ρει
627 3110 697 3166 talia

111 3186 230 3242 multum
253 3187 355 3256 perdit,
372 3185 480 3243 scilicet
499 3184 527 3239 id
552 3183 637 3264 quod
653 3187 696 3239 est

111 3257 272 3315 immortale
286 3265 315 3315 et
332 3257 460 3315 diuinum
479 3255 508 3312 in
524 3272 574 3325 eo;
590 3260 618 3311 et
632 3255 695 3311 idco

109 3326 696 3398 enima,cnmsitimmortalis,praeponen-

110 3399 148 3455 da
176 3404 220 3456 est
249 3403 381 3458 omnibus
410 3400 641 3472 corruptibilibus
661 3403 695 3479 et

107 3471 299 3541 transitoriis;
322 3488 388 3529 nam
412 3474 511 3528 anima
533 3469 692 3539 rationalis,

109 3541 532 3615 imagineTrinitatisinsignita,
546 3538 695 3612 pretiosior

110 3620 154 3669 est
166 3616 277 3671 cunctis
288 3618 410 3671 terrenis
420 3622 448 3670 et
463 3614 526 3670 ideo
539 3613 642 3669 stultus
652 3619 695 3669 cst

108 3683 158 3811 gui
172 3684 234 3756 plus
246 3689 397 3758 pecuniam
411 3701 497 3757 quam
512 3685 695 3754 semetipsum

130 3754 222 3828 iligit:
238 3758 316 3829 quod
337 3758 403 3814 lacit
422 3759 470 3829 qui
486 3762 599 3827 propter
618 3755 695 3811 illam

108 3830 260 3885 tormentis
281 3831 396 3885 aeternis
417 3844 448 3884 se
471 3829 596 3899 exponit.
615 3827 694 3882 Unde

110 3898 195 3955 nimis
218 3900 322 3957 stultus
343 3906 387 3957 est
409 3914 519 3965 avarus,
536 3900 593 3954 imo
615 3899 694 3970 pejor

109 3984 195 4096 gnam
221 3972 371 4029 diabolus:
401 3973 468 4043 quia
500 3985 605 4026 avarus
630 3972 695 4040 plus

130 4040 203 4113 iligit
214 4059 372 4113 nummum,
405 4043 694 4099 unmanimamsuam

110 4113 154 4168 rel
167 4113 305 4187 aliorum,
317 4115 369 4171 sed
383 4060 512 4171 liabolus
526 4112 589 4185 plus
601 4110 694 4182 diligit

111 4198 198 4241 unam
210 4188 345 4255 animam,
354 4202 439 4259 quam
447 4194 537 4242 totum
543 4183 691 4241 mundum.

111 4255 288 4329 Quapropter
306 4260 376 4315 dixit
394 4259 504 4316 cbristo
519 4268 693 4328 praesumens

111 4326 242 4401 decipere
255 4345 322 4389 eum
338 4347 345 4388 :
360 4332 423 4387 liae
437 4330 530 4386 omnio
542 4327 594 4384 titi
609 4325 691 4397 doto,

756 471 865 529 scilicet
889 472 1029 530 mundum
1055 472 1152 543 istum,
1177 476 1205 530 si
1230 474 1341 544 cadem,

756 544 915 600 adoraveris
927 561 978 600 me.
992 547 1025 601 Et
1038 545 1112 610 ideo,
1129 553 1159 602 ut
1168 546 1236 602 dicit
1249 547 1342 616 Orias·

755 631 813 684 res,
828 616 938 673 duobus
953 616 1114 688 propositis,
1132 618 1223 689 magis
1237 624 1281 674 est
1295 617 1344 675 eli·

755 687 880 814 feudum
906 693 937 744 ot
963 690 1101 745 mundum
1128 691 1289 760 perdamus,
1315 694 1344 747 et

767 775 902 816 ueremur
923 761 1033 816 animas
1058 765 1180 817 nostras.
1211 761 1291 818 Unde
1313 764 1343 818 et

755 831 921 887 Ambrosius
931 831 1007 889 ait:«
1018 832 1106 889 Valde
1117 833 1276 889 timendum
1286 837 1329 889 est

755 918 792 959 ne
819 910 936 975 propter
963 902 1111 960 avaritiam
1135 906 1274 975 pecunie,
1295 874 1341 961 rel

757 976 1210 1045 propteramoremcernalisvitae
1219 976 1341 1033 salntem

757 1044 916 1101 animarum
930 1061 1058 1116 quaerere
1069 1047 1261 1119 negligamus;
1272 1048 1340 1118 quia

759 1113 830 1170 nihil
856 1118 969 1185 prodest
989 1117 1146 1174 lucrificare
1161 1118 1341 1188 temporalia,

759 1187 784 1240 si
803 1187 959 1256 perdantur
977 1195 1093 1245 aeterna.
1112 1209 1122 1238 ι
1142 1190 1175 1244 Et
1193 1191 1242 1245 dat
1259 1191 1343 1272 σειρ-

759 1261 893 1312 sostomus
912 1260 1097 1329 exemplum:
1122 1281 1133 1310 ι
1154 1259 1182 1315 Si
1205 1276 1291 1333 egens
1312 1277 1343 1317 in

759 1325 868 1383 ulumis
890 1329 971 1385 malis
988 1329 1094 1399 positus
1113 1329 1223 1386 videres
1247 1346 1344 1387 servos

757 1398 787 1454 in
807 1398 921 1456 lascivia
940 1416 1035 1472 egere,
1049 1403 1124 1473 quod
1144 1402 1253 1458 lucrum
1269 1403 1343 1459 aesti-

758 1484 850 1525 mares
867 1478 894 1525 te
914 1486 1013 1528 eorum
1028 1471 1175 1529 dominum
1195 1472 1280 1533 csse?
1296 1474 1342 1531 Sic

755 1539 1342 1613 quidlucraturanimatuamisera,carne

754 1612 929 1683 lasciviente,
946 1612 969 1670 si
990 1614 1111 1671 futuram
1128 1616 1341 1675 damnationem

755 1686 918 1756 exspectati
933 1704 948 1737 o
966 1687 1020 1742 Sed
1036 1701 1151 1759 magna,
1167 1689 1235 1746 boul
1255 1688 1341 1746 bodie

754 1758 866 1812 caecitas
883 1761 912 1812 ct
927 1763 1054 1814 amentia
1069 1760 1099 1814 in
1114 1759 1277 1816 bominibus
1294 1776 1339 1821 rs·

755 1826 878 1899 peritur3
891 1829 1132 1900 quia,secundum
1140 1830 1342 1904 euperem,

754 1898 857 1969 siquis
876 1905 1028 1972 argentum
1043 1917 1113 1957 auro
1130 1906 1278 1973 praeponit,
1294 1902 1342 1961 ds-

755 1969 1097 2044 mentissimusjudicatur
1109 1990 1117 2040 ;
1128 1972 1230 2029 sivero
1241 1990 1342 2031 aurum

756 2041 813 2096 Deo
828 2045 978 2112 praeponit,
990 2044 1095 2100 anullo
1107 2045 1339 2114 reprehenditur.

755 2114 875 2184 Exponit
908 2113 994 2171 etiam
1027 2113 1194 2186 predictum
1228 2115 1341 2173 Domini

756 2185 872 2241 verbum
892 2185 925 2240 de
945 2185 1068 2258 illisqui
1086 2187 1197 2243 animas
1217 2186 1338 2245 aliorum

755 2256 860 2312 lucrari
875 2255 984 2326 volunt,
998 2263 1026 2314 et
1039 2259 1168 2329 proprias
1181 2260 1339 2332 negligunt.

754 2329 832 2383 Unde
859 2329 1064 2398 chrysostomus
1095 2348 1103 2384 :
1130 2349 1145 2384 <i
1173 2332 1201 2386 Si
1225 2331 1342 2387 alterius

754 2398 891 2455 sollicitus
906 2405 1073 2457 contemnas
1087 2406 1125 2469 te,
1141 2400 1285 2458 similises
1299 2401 1342 2459 eis

753 2472 801 2541 qui
816 2471 930 2528 metalla
944 2471 1055 2529 fodiunt
1069 2477 1098 2528 et
1109 2478 1257 2529 necantur.
1276 2493 1291 2525 ι)
1307 2474 1342 2529 ut

753 2540 820 2613 quia
837 2547 932 2615 posset
946 2542 1051 2615 aliquis
1065 2543 1160 2600 dicere
1177 2561 1183 2599 :
1201 2543 1259 2600 Etsi
1277 2542 1341 2602 ani·

752 2628 829 2670 mam
847 2613 976 2685 perdam,
991 2621 1086 2671 tamen
1110 2630 1143 2670 er
1161 2614 1257 2671 multis
1276 2632 1341 2688 quae

752 2683 894 2753 lucrabor,
910 2702 974 2741 eam
985 2686 1136 2755 redimam,
1153 2686 1230 2757 quod
1238 2686 1341 2744 laisum

752 2761 805 2824 est,
817 2755 963 2837 subjungit
978 2775 984 2813 :
999 2760 1057 2813 Aut
1071 2774 1156 2828 quam
1170 2761 1341 2815 commutati·

751 2843 843 2888 onem.
872 2827 963 2883 idest
988 2827 1231 2898 redemptionem,
1260 2830 1340 2885 debit

752 2896 1341 2965 bomoproanimosae,scilicetdamnata‘l

753 2964 838 3032 Quasi
848 2965 956 3021 diceret
967 2983 974 3020 ι
987 2966 1015 3021 Si
1027 2982 1078 3037 pro
1089 2981 1123 3021 ea
1132 2970 1208 3020 totus
1219 2970 1341 3025 mundus

753 3036 880 3103 daretur,
897 3052 954 3093 non
970 3052 1022 3108 ρει
1038 3038 1093 3092 boc
1111 3035 1291 3096 liberaretur.
1306 3041 1342 3097 Et

752 3106 827 3174 ideo,
856 3123 914 3164 non
951 3114 1025 3166 otest
1047 3108 1206 3181 comparari
1231 3111 1340 3170 lucrum

752 3176 850 3235 mundi
870 3179 905 3236 ad
924 3123 1129 3239 iletrimentum
1149 3179 1266 3254 animae,
1288 3200 1341 3258 per

752 3251 827 3323 quod
840 3252 924 3309 homo
936 3252 1032 3326 perdit
1044 3269 1108 3310 eam
1118 3259 1147 3310 et
1158 3253 1244 3312 vitam
1258 3263 1341 3314 aeter·

752 3339 828 3379 nam.
848 3325 929 3405 itam,
947 3325 1065 3398 perditis
1083 3324 1201 3397 divitiis,
1216 3332 1339 3410 possunt

749 3411 801 3468 per
818 3396 889 3452 alias
908 3396 1022 3455 divitias
1044 3413 1234 3470 compensari,
1257 3405 1286 3458 et
1313 3399 1338 3456 si

750 3483 827 3549 mors
837 3466 1086 3597 indigitanpotest
1095 3471 1275 3551 compensari
1286 3485 1339 3543 per

750 3546 837 3596 vitem
855 3548 987 3597 immorta
999 3558 1059 3611 em,
1080 3557 1144 3613 quae
1163 3557 1192 3597 ιιι
1211 3557 1337 3599 resurre-

750 3611 845 3667 ctione
859 3618 1054 3682 exspectatur;
1070 3614 1119 3669 sed
1134 3611 1158 3668 si
1176 3613 1272 3670 anima
1286 3626 1338 3685 per

750 3683 861 3754 culpam
889 3684 1034 3754 perdatur,
1054 3700 1112 3740 non
1139 3690 1284 3756 exspectes
1306 3681 1337 3739 in

749 3753 806 3809 alia
828 3752 925 3810 anima
943 3754 1170 3826 recompensari,
1188 3756 1255 3826 quia
1277 3768 1336 3810 non

749 3823 857 3895 poteris
869 3824 954 3881 aliam
969 3825 1105 3895 animam,
1118 3826 1169 3883 sed
1181 3842 1273 3898 neque
1287 3822 1337 3881 ali·

750 3895 819 3966 quid
828 3894 916 3965 aliud,
926 3897 1006 3967 quasi
1017 3895 1269 3954 commutationem
1282 3908 1335 3967 pro

749 3982 784 4022 ea
801 3967 880 4037 dare,
901 3973 932 4023 ut
955 3967 1059 4025 liberes
1083 3984 1147 4025 eam
1168 3967 1204 4022 de
1225 3975 1337 4046 'retorna

750 4043 851 4094 morte.
880 4040 954 4095 Dens
980 4047 1076 4096 autom
1105 4053 1162 4116 pro¹
1186 4036 1336 4092 animabus

749 4109 897 4166 hominum
909 4110 987 4166 dedit
998 4113 1261 4174 commutationem,
1272 4121 1335 4163 san·

748 4181 864 4251 guinem
877 4180 937 4236 Filii
951 4180 996 4236 sui
1010 4179 1175 4258 pretiosum.
1186 4177 1346 4237 Perdenda.

748 4260 792 4308 est
810 4251 898 4324 igitur
915 4251 1013 4306 anima
1031 4256 1060 4305 et
1078 4253 1136 4304 uta
1156 4249 1334 4321 praesensio

747 4323 803 4380 hoc
825 4322 934 4390 seculo,
956 4323 1073 4393 propter
1089 4319 1255 4392 bominnm3
1277 4337 1335 4380 non
