2820 4928
258 368 298 422 lte
326 362 574 420 utlltcdtatttt
602 359 762 415 istasunt
798 357 939 411 btvttett
968 359 1003 410 ll
1029 356 1167 411 emitti.
1302 354 1332 411 bt

742 474 801 525 tam
816 471 963 523 celerinum.
981 469 1013 523 Et
1031 467 1058 522 iu
1071 466 1148 523 huuc
1163 434 1327 536 paradisum

95 478 201 534 vivere
217 477 245 532 in
259 476 314 532 hae
326 479 413 541 terra,
424 473 567 546 promissa
576 476 617 528 est
630 470 686 528 illis
709 480 714 589 ι

742 557 817 611 sape
836 539 1000 609 ingredere,
1014 539 1089 607 «quod
1113 542 1250 610 consequi
1263 550 1329 611 put-

95 551 183 616 vita;
200 553 228 604 et
253 548 320 620 quia
346 548 462 603 multum
485 545 586 602 timent
603 543 685 610 mori,

95 622 246 696 promissa
261 626 302 676 est
325 619 380 675 illis
398 624 515 675 aterna.
532 622 590 674 lloc
605 617 684 672 suiti-
710 622 713 675 ξ
741 629 797 667 eris
813 628 844 667 en
856 613 950 668 studio
961 610 1100 668 orationis
1111 619 1137 667 et
1153 612 1326 670 buuulitate.

97 711 164 751 cere
178 696 268 749 visum
293 698 334 748 est
357 693 488 747 hcimauae
513 687 684 757 infirmitati,
709 686 713 735 l
740 683 812 752 Quid
830 686 972 754 igiturest
988 683 1118 748 insanin,
1137 684 1212 754 qinul
1227 685 1326 739 luvvui-

95 773 131 823 ut
146 764 297 827 diceretur,
309 763 426 820 habebis
437 764 525 819 vitam
534 770 683 819 aternam.
709 750 713 809 Ι
739 772 794 812 nes
804 756 905 828 simpla
919 772 970 828 pro
986 755 1136 837 centuplis,
1153 760 1179 812 el
1195 771 1248 826 pru
1266 755 1324 812 vita

95 840 233 895 Amemus
258 836 345 892 vitam
372 841 519 900 aeternam,
540 840 568 890 et
592 850 625 889 ex
649 848 683 888 eo
710 838 712 851 '
739 836 846 884 aterna
862 831 1031 884 cunctantur
1047 827 1232 898 relinquere?
1249 828 1322 883 Cum

92 910 258 966 noverimus
273 915 411 979 quantum
428 924 480 980 pro
498 906 556 963 vita
573 910 684 962 eterna
738 897 836 970 itaque
856 898 952 956 Sancti
975 905 1088 982 terrena
1111 898 1253 981 omniunt
1268 914 1319 954 au-

91 982 225 1039 laborare
234 980 384 1050 debemus,
399 995 461 1035 cum
471 979 618 1035 videamus
630 975 683 1031 hu·
738 986 802 1026 rum
818 977 846 1026 et
861 974 1013 1039 argeutum
1026 972 1192 1041 abjecerint,
1209 987 1260 1026 cur
1272 987 1321 1026 eo·

90 1053 185 1110 mines
203 1059 348 1108 amatores
368 1050 685 1121 prae312ntisvitaeti›m-
739 1058 804 1098 rum
824 1041 958 1167 reliquias
979 1043 1081 1113 populo
1096 1058 1181 1098 causa
1196 1049 1322 1113 (quaestus

113 1124 200 1180 oratis
221 1130 308 1195 atque
337 1123 483 1188 finiende,
503 1121 543 1177 sic
559 1137 612 1192 pro
634 1118 685 1174 illa
740 1112 879 1168 ostenden
901 1132 929 1177 u,
946 1113 1073 1183 cogimus
1087 1129 1136 1168 eus
1149 1113 1198 1168 illa
1214 1113 1322 1169 meudi-

90 1142 239 1258 Paborare,
256 1203 297 1253 ut.
315 1195 430 1263 quando
445 1196 555 1248 venerit
573 1192 685 1247 mortis·
711 1178 714 1205 ¹
740 1200 807 1240 care
820 1200 882 1265 qtvae
899 1183 946 1239 liic.
959 1184 1147 1255 spreverunt?
1168 1187 1259 1265 lituis,
1274 1183 1322 1240 ubi

93 1275 200 1331 metus,
215 1266 355 1336 quidquid
366 1273 483 1334 possunt
495 1263 611 1326 iaciunt,
628 1277 685 1317 uon
741 1273 794 1311 nos
806 1255 1186 1339 latincbabemussuuctum,
1195 1259 1325 1312 tnfitaeco

96 1344 130 1395 ut
158 1338 302 1403 auferant,
320 1337 369 1391 sed
396 1343 427 1392 ut
452 1336 582 1391 ititiiecaut
607 1349 685 1390 mur·

97 1416 157 1466 tum
175 1426 209 1464 ε»
234 1409 297 1464 hcee
312 1408 494 1475 Aiiqnstiuus.
515 1407 588 1464 letti
614 1422 684 1476 pau-

95 1488 195 1554 pertas
210 1497 275 1552 quae
288 1478 385 1549 recipit
399 1480 558 1551 centuplum
571 1477 600 1534 iu
617 1493 684 1550 prae«

93 1553 181 1620 senti,
206 1560 234 1608 et
260 1552 347 1607 vitam
365 1556 497 1606 aetcrnam
526 1550 554 1606 in
575 1550 679 1617 futuro,

91 1623 170 1696 quod
193 1639 299 1693 magna
315 1623 399 1678 debet
418 1638 479 1677 esse
491 1620 679 1693 Ctvristipau·

90 1696 208 1768 peribus
220 1692 380 1750 consolatio
393 1693 487 1750 lUude
499 1694 657 1750 Bernartius
668 1712 677 1749 .·

88 1766 303 1837 «Ceniuptum,
321 1764 422 1837 iuquit,
438 1765 570 1833 accipiet,
587 1768 615 1821 et
634 1765 676 1820 vi-

88 1844 149 1896 tam
165 1845 304 1895 aeternam
316 1837 481 1908 possidebit.
492 1837 562 1894 illut
579 1836 676 1907 invia,

87 1911 143 1968 hoc
165 1910 194 1966 in
218 1909 323 1982 patria.
343 1909 415 1966 ldud
434 1908 589 1965 consolatio
602 1924 677 1978 pcae-

88 1982 180 2041 sentis
205 1980 324 2049 laboris,
339 1982 395 2037 hoc
412 1981 514 2038 laturae
536 1979 678 2037 felicitatis

87 2052 299 2112 consummatio
315 2058 365 2107 est.
382 2054 428 2110 Sie
448 2056 582 2109 mutirem
610 2068 679 2125 ope·

87 2124 176 2184 rariis
197 2126 283 2196 buius
293 2123 381 2181 seculi
397 2124 469 2182 solet
481 2125 561 2182 cibus
574 2123 601 2180 iu
612 2140 680 2197 upe-

89 2215 133 2258 re.
148 2214 259 2254 merces
279 2199 307 2252 iu
325 2196 382 2253 dive
402 2196 474 2253 clari.
491 2196 537 2254 Sic
553 2195 680 2253 militau-

90 2269 170 2327 tibus
188 2275 217 2325 et
240 2267 386 2340 stipendia
411 2268 609 2325 ministrantur
628 2284 679 2340 pro

91 2341 264 2399 necessitate
283 2340 432 2412 temporis,
448 2346 477 2397 et
495 2338 679 2398 novissimum

90 2413 260 2469 donativum
275 2413 368 2484 majus
382 2422 578 2483 ornenturpro
592 2427 680 2482 quan-

91 2484 175 2540 titate
195 2483 311 2540 laboris.
327 2484 373 2541 Sic
391 2490 434 2541 est
449 2484 515 2540 filiis
529 2484 615 2540 lsrael
631 2483 680 2539 ‹lo-

93 2571 149 2611 nee
162 2562 267 2611 terram
279 2555 477 2627 promissionis
488 2555 639 2615 iutrarent.
650 2554 680 2610 in

93 2626 209 2684 deserto
224 2642 326 2683 manna
343 2645 399 2683 nun
414 2628 521 2695 iloluit;
537 2634 564 2683 et
581 2628 616 2683 ab
631 2629 680 2683 Ee·

91 2698 181 2755 clesia
199 2703 263 2767 post
281 2699 432 2770 quaesitum
453 2699 532 2771 cogni
556 2698 680 2755 caelestis

88 2771 261 2837 adventum,
282 2770 465 2852 quotidianus
485 2770 565 2842 panis
583 2769 679 2841 quoti·

89 2843 138 2898 die
155 2841 264 2915 petitur
291 2860 320 2898 tu
344 2842 484 2912 oratioue,
505 2860 592 2911 citiam
619 2840 680 2966 ipse

90 2916 225 2973 Salvator
240 2914 363 2971 instituit
379 2933 386 2971 ε
402 2936 416 2966 »
437 2915 498 2972 baec
510 2918 625 2971 Beniarc
638 2929 679 2968 uc.

129 3009 144 3058 7
166 2987 244 3052 Quas
265 3004 351 3043 urreis
375 3004 456 3043 aures
476 3001 682 3043 ueruvaurvosvs

94 3074 300 3114 cossruauervo.
317 3091 350 3100 -
359 3059 515 3117 Considera
528 3073 596 3127 crgo
610 3056 683 3110 bene

97 3129 174 3185 haue
188 3129 415 3197 retributionem,
429 3136 458 3187 et
470 3131 611 3196 canumet
621 3142 684 3196 gra-

96 3201 152 3256 tias
167 3216 219 3282 age
232 3202 288 3258 Deo
303 3202 351 3274 qui
368 3209 394 3257 to
412 3203 448 3258 ad
466 3201 551 3258 taient
566 3199 684 3253 nclcluxit

91 3272 328 3344 negotiationem,
338 3279 368 3330 ut
383 3275 429 3329 bie
444 3274 479 3330 de
490 3288 547 3329 uuo
563 3268 682 3328 lucreris

89 3346 268 3417 centuplum,
284 3352 313 3403 et
327 3344 516 3403 nibilominus
528 3348 629 3419 postea
642 3341 682 3399 vi-

740 1337 881 1393 iubemus
900 1342 984 1407 tnnc.
1000 1337 1076 1408 quud
1091 1344 1173 1394 sonat
1187 1337 1249 1392 siue
1266 1342 1325 1392 tec·

740 1425 780 1469 ra,
797 1410 863 1479 quia
887 1407 983 1465 Sancti
1010 1425 1065 1465 non
1090 1408 1214 1465 terrenis
1237 1408 1324 1464 dediti

737 1484 814 1548 sum,
831 1497 883 1536 nec
903 1479 932 1536 in
949 1484 1035 1547 term,
1051 1482 1100 1536 sed
1118 1480 1146 1537 in
1161 1481 1241 1537 coelis
1257 1497 1325 1537 con-

735 1552 926 1609 versationem
938 1552 1089 1608 babcbaut.
1106 1554 1138 1609 Et
1152 1554 1216 1610 ideo
1227 1553 1263 1609 ad
1274 1568 1324 1623 pe-

735 1622 785 1679 des
798 1624 998 1695 Apostolorum
1014 1640 1115 1681 aurum
1130 1631 1158 1681 et
1171 1630 1323 1697 argeutum

734 1696 895 1766 ponebatur
909 1713 941 1752 en
955 1702 1096 1768 praecepto
1112 1713 1222 1756 enriun.
1239 1702 1270 1753 ut
1281 1697 1322 1753 sic

734 1766 869 1823 docerent
893 1784 956 1825 esse
977 1769 1198 1825 contemnenda.
1218 1767 1322 1825 imite-

735 1853 798 1894 mur
815 1855 884 1911 ergo
910 1839 1065 1913 discipulos
1091 1840 1215 1909 Domini,
1233 1839 1322 1897 reliu-

735 1911 849 1982 queudo
870 1911 984 1969 divitias
1004 1929 1038 1969 ae
1064 1912 1196 1993 gloriam,
1213 1917 1242 1969 et
1259 1927 1323 1966 viui·

735 1998 784 2039 ma
804 1998 867 2053 quae
884 1992 952 2039 suut
967 1983 1077 2051 mnudi,
1090 1984 1157 2053 quia
1170 2000 1210 2039 stc
1225 1981 1325 2049 praeci·

738 2069 790 2123 pue
805 2053 858 2125 ipsi
872 2054 968 2111 allecti
988 2062 1053 2112 suut
1072 2055 1177 2113 maevii.
1191 2055 1270 2110 l'uvle
1284 2052 1324 2109 ait

736 2127 942 2195 Clupsuslomus
959 2144 965 2181 :
982 2147 995 2180 u
1021 2128 1093 2194 Quid
1112 2132 1156 2181 est
1179 2125 1254 2197 quod
1268 2140 1325 2182 ma·

735 2213 808 2269 gnos
817 2197 1121 2269 Apostolosostenditt’
1134 2197 1323 2255 Pecuniarum

735 2275 922 2343 contemptus,
938 2280 966 2327 et
991 2272 1018 2341 gl
1032 2270 1089 2327 uice
1111 2270 1267 2343 despectio,
1283 2269 1320 2325 ab

734 2342 922 2414 omnibusque
937 2342 1001 2399 vitae
1020 2344 1105 2409 huius
1122 2342 1244 2401 nesoliis
1256 2358 1321 2398 ere·

734 2412 900 2487 ptianm,
921 2416 943 2471 si
973 2432 1026 2471 nen
1055 2416 1115 2471 baec
1142 2415 1322 2481 habuissent,

735 2486 784 2541 sed
807 2485 880 2543 servi
900 2486 1065 2558 passionum
1081 2495 1185 2547 esseut.
1202 2485 1255 2542 etsi
1273 2487 1321 2540 ile·

735 2573 796 2613 cem
815 2556 889 2613 mille
909 2566 1035 2614 nvortuos
1052 2558 1246 2619 suscitassent.
1263 2571 1321 2611 non

735 2628 825 2684 sulum
849 2629 917 2686 nulli
935 2631 1135 2702 proiecissent,
1158 2630 1209 2686 sod
1229 2634 1257 2684 et
1277 2643 1323 2683 se-

735 2701 867 2757 ductores
885 2705 981 2773 utique
1002 2702 1133 2757 minuati
1160 2706 1265 2757 essent.
1281 2702 1323 2755 lta

735 2771 793 2827 vita
812 2778 854 2827 est
871 2789 935 2844 quae
950 2773 1055 2854 ubique
1076 2774 1175 2833 lulaet.
1192 2778 1219 2829 el
1236 2769 1323 2842 spiri·

735 2850 783 2898 tus
807 2846 926 2899 attralut
942 2850 1083 2908 eratrcim3
1105 2844 1189 2913 signa
1207 2860 1285 2905 veru,
1298 2841 1322 2896 si

736 2930 794 2968 nltn
810 2913 1035 2981 vigilaverimus,
1052 2915 1154 2970 obsunt
1169 2911 1323 2969 multoties.

737 2986 802 3040 llaec
819 2982 916 3049 igitur,
930 2983 1031 3052 ‹puilius
1043 2984 1108 3039 sacti
1121 2992 1185 3039 suut
1198 2981 1324 3054 Apostoli

737 3054 844 3123 magui.
862 3055 1006 3121 zelemur;
1023 3059 1051 3110 et
1072 3056 1108 3112 ab
1124 3053 1262 3111 universis
1277 3055 1327 3110 cle·

737 3125 871 3183 sistentes
890 3125 954 3181 vtiae
983 3127 1066 3197 hujus
1086 3125 1217 3197 negotiis,
1234 3142 1324 3199 appo·

738 3213 840 3255 namus
860 3196 1048 3270 nosmetipsos
1063 3199 1185 3270 cbristo,
1206 3206 1234 3258 ut
1251 3202 1324 3273 ilpe-

737 3270 877 3328 stolorum
911 3277 1056 3329 consortes
1090 3272 1165 3331 etun
1212 3290 1325 3332 merea·

736 3359 820 3401 mur:
833 3366 848 3397 u
863 3345 925 3401 haee
945 3345 1162 3416 chrysostomus.

642 3524 773 3582 ORATIO

125 3685 247 3743 Domine
262 3687 330 3743 lesu
345 3684 466 3756 Christe,
483 3688 519 3745 de
532 3686 613 3759 mihi,
630 3687 733 3745 misero
745 3692 772 3744 et
788 3686 917 3755 indiguo,
931 3688 1005 3760 quod
1023 3694 1180 3763 propterte
1196 3696 1225 3747 et
1240 3706 1320 3748 aiun-

87 3774 153 3817 rem
176 3765 269 3825 tuum,
287 3774 320 3814 ac
334 3764 451 3831 propter
477 3776 581 3817 nomen
602 3766 682 3818 tuum
704 3759 935 3831 glorificandum,
954 3760 1079 3832 divitius,
1098 3779 1131 3819 ae
1147 3763 1273 3823 delicias,
1288 3777 1322 3816 ae

88 3847 224 3903 pompas,
239 3836 268 3886 et
283 3830 380 3887 omnia
393 3847 456 3900 quae
474 3832 572 3889 muniti
586 3839 661 3901 suut,
674 3848 726 3888 nee
743 3848 799 3887 uun
813 3839 841 3886 et
856 3832 995 3903 meipsum
1010 3833 1085 3891 iuter
1101 3834 1197 3890 omnia
1213 3834 1322 3887 valeam

85 3902 470 3974 relinquere,omnibusque
489 3903 619 3971 exclusis,
634 3904 686 3961 tibi
703 3903 757 3960 suli
776 3904 945 3974 adluerere;
963 3913 992 3960 et
1009 3924 1058 3972 pnv
1075 3907 1190 3963 modulo
1212 3919 1274 3958 meo
1294 3910 1321 3957 te

87 3979 169 4047 sequi
184 3975 388 4057 qualicumque
404 3975 563 4033 imitatione
582 3975 707 4044 vivendi,
724 3984 765 4042 ut,
777 3983 804 4032 te
826 3982 945 4044 vestine,
961 3982 989 4033 te
1007 3978 1090 4044 duce,
1109 3979 1228 4041 inuisos
1243 3971 1320 4026 utiu-

89 4047 182 4104 sidias
196 4046 325 4102 omnium
341 4047 521 4107 inimicorum
532 4065 658 4106 meorum
672 4047 822 4104 visibilium
836 4054 863 4104 el
875 4048 1058 4105 invisibilium
1069 4044 1320 4124 riverearevagtece,

86 4136 121 4177 ac
135 4117 267 4192 praemia,
285 4135 349 4189 qun
365 4121 592 4194 relinquentibus
614 4119 712 4179 omnia
726 4129 755 4177 et
774 4126 801 4178 te
823 4120 1010 4194 sequentibus
1028 4116 1195 4189 promisisti,
1211 4129 1322 4168 nuseiu-

85 4191 216 4250 eorditer
231 4189 376 4252 obtinere.
390 4196 494 4255 Amen.
