2820 4928
426 296 552 358 bathus
580 296 730 352 abbatim
757 298 805 351 tlt
832 300 1006 356 daehheh.
1285 301 1333 358 tta

96 402 164 473 dus,
178 400 223 460 vel
236 402 390 472 detractor,
399 401 444 458 rel
454 400 610 459 seminator
624 401 683 458 ‹lis-
742 403 849 459 videbis
864 405 1090 464 abominationes.
1114 407 1216 466 Subdit
1244 425 1330 482 ergo:

95 475 214 545 cortice,
230 479 258 531 ct
285 475 414 532 turbator
430 474 517 547 pacis,
533 475 585 531 sub
600 475 682 530 silen-
740 478 876 533 Pitorisae
890 494 965 542 caea,
981 479 1085 535 maredo
1104 483 1184 550 prius
1200 482 1273 552 qaod
1289 485 1332 538 in·

95 548 139 606 tio
160 552 352 630 praetercunt,
370 548 433 629 plus
454 545 569 629 punitor
582 545 684 628 aliquis
740 555 784 603 ties
797 555 838 605 est
851 552 947 606 caliois
960 556 986 606 et
995 553 1166 622 piri-opstdts.
1178 551 1205 607 id
1217 559 1261 610 est
1275 570 1328 611 eor

95 636 150 697 pro
180 635 334 676 omissione
367 636 449 676 utrius
475 626 684 675 constitutionis
739 623 1258 696 purgarnlumestaritris,qrriaper
1279 624 1324 682 in·

95 694 141 750 vel
149 691 363 761 admonitionis,
373 708 405 749 ac
413 692 449 749 de
458 690 684 763 transgressione
739 692 845 749 teriora
858 694 954 752 calicis
968 699 996 752 ot
1015 696 1174 768 paropsidis
1192 697 1325 768 intelligit

95 763 281 823 decretalium
297 769 325 820 et
340 763 572 821 constitutionum
590 765 683 820 homi·
740 765 932 831 metaphorice
947 765 1083 825 interiora
1098 768 1211 831 mentis.
1228 784 1261 825 ex
1278 787 1327 826 eu·

95 839 247 908 nimquam
258 835 293 893 de
303 835 527 907 transgressione
539 834 684 906 Evangeli-
736 837 783 908 jus
803 838 941 894 munditia
955 840 1096 911 dependet
1110 842 1225 898 bonitas
1243 857 1325 897 mnn-

95 924 179 967 erum
195 914 222 965 et
237 909 434 965 mandatorum
448 906 561 965 Christi.
581 909 683 965 Curam
739 908 815 965 aitte
828 909 985 980 exterioris
1003 918 1031 967 et
1051 911 1113 968 ider
1129 913 1267 984 sequitur:
1288 916 1323 971 Ut

95 982 257 1039 animarum
272 982 427 1054 negligunt,
442 988 470 1037 et
483 978 598 1043 neoorta
612 987 684 1036 ento·
737 985 787 1051 tint
801 983 840 1039 id.
858 983 931 1053 qaod
951 984 1055 1051 deforis
1072 990 1121 1045 est.
1136 985 1281 1051 mundum,
1299 984 1329 1042 id

94 1052 174 1111 m'ora
198 1057 310 1125 agunt,
343 1068 401 1109 non
430 1059 531 1109 curent
559 1054 683 1109 iruetum
738 1059 789 1117 est,
807 1060 837 1110 ut
853 1071 919 1111 vera
933 1055 969 1111 sit
983 1056 1134 1113 ostentatio
1153 1056 1324 1126 sanctitatis,

95 1125 269 1194 animarum,
288 1125 336 1182 sed
352 1124 571 1181 excrescentiam
589 1123 683 1180 diviti·
739 1142 796 1182 non
816 1130 912 1183 autem
940 1126 1048 1183 malitia
1078 1127 1323 1185 dissimulationis.

93 1213 188 1265 arum,
205 1212 255 1267 per
271 1197 411 1253 mundum
425 1196 597 1262 discurrunt,
618 1213 682 1269 gre·
740 1198 818 1254 Unde
838 1200 967 1268 Oripcnes
982 1219 990 1255 :
1008 1221 1022 1252 e
1039 1200 1088 1257 Hic
1106 1216 1199 1256 sermo
1216 1216 1266 1256 nos
1279 1200 1325 1256 in-

132 1267 421 1326 msibicommissum
435 1286 491 1325 non
506 1267 680 1326 custodiunt.
739 1270 832 1340 struit,
850 1276 880 1326 ut
899 1272 1065 1328 festinemus
1092 1288 1154 1328 esse
1168 1271 1247 1344 justi,
1268 1288 1325 1328 non

117 1340 242 1398 ustodiat
255 1356 330 1409 eum,
344 1343 392 1412 qui
408 1340 530 1397 custodit
547 1340 643 1399 Israel.
738 1358 886 1415 apparere.
896 1343 948 1412 Qui
959 1343 1035 1400 enim
1051 1343 1194 1413 studet,ut
1207 1359 1327 1415 appare·

129 1415 204 1487 pilos
216 1431 250 1469 oe
265 1430 443 1470 sruensrrorra
457 1432 488 1469 ar
502 1431 683 1470 unanimo-
737 1420 767 1471 at
778 1415 881 1487 justus,
891 1432 954 1488 qtrae
968 1432 985 1472 a
1001 1415 1071 1473 toris
1084 1424 1150 1472 sunt
1163 1414 1328 1485 mannaan

93 1485 126 1541 ln
137 1485 381 1555 sexto,redarguit
391 1502 439 1542 eos
449 1486 485 1543 de
497 1485 681 1547 simulatione
737 1502 800 1559 quae
817 1487 947 1545 ridentur
970 1493 1071 1555 eurat;
1097 1504 1147 1543 cor
1174 1493 1271 1543 aulem
1298 1492 1328 1544 et

92 1563 123 1615 et
138 1556 296 1627 mendacio,
314 1557 379 1629 quin
400 1558 462 1629 plus
480 1558 619 1614 emebant
638 1556 679 1614 lo·
737 1559 941 1616 conscientiam
955 1558 1082 1631 negligit.
1098 1558 1148 1627 Qui
1163 1565 1257 1616 autem
1269 1563 1326 1617 stu·

92 1644 160 1685 rare
178 1629 278 1686 sordes
292 1629 458 1697 exteriores,
483 1646 568 1703 quam
584 1631 680 1686 interi·
737 1631 784 1687 det
797 1648 832 1689 ea
846 1648 910 1703 quae
924 1632 1000 1689 intus
1013 1636 1090 1701 sunt,
1113 1631 1142 1687 id
1157 1637 1201 1687 est
1216 1631 1324 1702 eogita-

66 1744 70 1751 .
89 1716 175 1769 ores,
192 1701 255 1772 plus
269 1717 420 1773 corporum
434 1707 519 1772 atque
536 1718 679 1773 vasorum,
736 1703 826 1760 tiones
855 1706 1003 1772 muntiare,
1031 1719 1210 1775 consequens
1238 1705 1324 1760 etiam

89 1787 179 1846 quam
194 1789 306 1830 morum
324 1773 510 1830 elvitiorum.
532 1775 676 1841 Vaoobts,
736 1782 789 1844 est,
815 1782 844 1831 ut
867 1793 979 1847 eaquae
1004 1792 1021 1832 a
1047 1774 1115 1831 ioris
1144 1782 1210 1831 sunt
1238 1776 1324 1832 iaciat

88 1846 195 1903 Secta
220 1850 246 1902 ct
261 1847 396 1902 Phor-isai
422 1847 580 1917 hypocrita.
611 1850 680 1916 quio
709 1900 712 1939 Ι
735 1848 850 1904 larunda.
868 1868 882 1901 a
903 1850 937 1904 Et
952 1849 1108 1905 notandum
1126 1847 1203 1919 quod
1219 1847 1248 1903 in
1271 1847 1319 1904 tri·

88 1918 234 1973 mandetis
249 1918 323 1989 qaod
347 1919 452 1985 deforis
471 1924 510 1973 est
527 1921 622 1973 coticis
653 1924 679 1976 ct
708 1948 712 1971 t
735 1918 800 1989 plici
812 1919 984 1991 ompositum
997 1926 1040 1975 est
1053 1936 1155 1975 nomen
1170 1918 1317 1986 caecitatis,

86 1990 274 2063 paropsidis,
298 1992 374 2045 initos
391 1996 482 2046 eutem
512 1992 590 2061 pleni
613 1994 678 2046 estis
734 2006 768 2046 co
784 1991 972 2061 quodtrtptex
999 1991 1111 2047 caecitas
1129 1997 1266 2058 arguatur
1289 1992 1320 2047 iu

88 2064 194 2133 rupino
204 2067 230 2117 et
243 2063 429 2118 immunditia.
449 2061 585 2121 Pharisaei
601 2061 678 2119 enim
734 2061 792 2118 eis:
808 2063 898 2134 primo
910 2062 937 2118 in
953 2061 1099 2128 docendis,
1114 2061 1220 2117 scilicet
1232 2060 1261 2117 ln
1279 2078 1320 2118 oa

90 2134 206 2206 quando
221 2134 364 2191 debebant
378 2134 532 2191 ascendere
553 2133 582 2190 in
601 2140 676 2190 tem·
734 2141 835 2205 quarto
848 2152 854 2203 ;
869 2134 993 2191 seeundo
1003 2135 1034 2190 in
1045 2133 1244 2205 corripiendis,
1261 2131 1320 2189 sire

90 2205 182 2277 plum,
213 2206 249 2262 ad
275 2208 495 2262 ostentationem
519 2205 676 2276 munditiae,
733 2206 762 2262 in
777 2205 924 2279 eligendis,
951 2206 1058 2263 scilicet
1082 2204 1110 2261 in
1135 2221 1176 2262 aa
1201 2206 1321 2277 quinto;

88 2278 183 2351 primo
199 2277 332 2334 lavabant
357 2277 490 2333 utensilia
513 2280 624 2348 atomus,
644 2294 678 2335 ae
734 2278 817 2335 tertio
831 2278 860 2334 in
873 2278 1002 2351 tegendis,
1019 2286 1050 2335 ut
1064 2277 1109 2335 hie
1125 2278 1152 2333 in
1174 2293 1214 2333 aa
1229 2283 1320 2335 sexto.

89 2348 272 2419 vestimenta,
288 2356 372 2421 atque
388 2348 546 2406 consimilia
560 2372 566 2416 ;
579 2357 607 2406 et
622 2366 677 2422 pa·
769 2355 784 2406 8
801 2353 845 2407 Vs
861 2369 894 2407 nn
909 2369 1061 2420 nrr’oemsr,
1080 2368 1145 2415 oeta
1160 2367 1322 2407 serunensis

89 2436 157 2478 rum
175 2423 313 2479 curabant
332 2422 367 2479 de
386 2419 516 2478 interiori
537 2422 678 2479 munditia
733 2439 800 2479 susc
816 2441 929 2480 stirias.
943 2456 972 2465 -
986 2427 1018 2481 ln
1031 2423 1162 2507 septimo,
1172 2421 1324 2494 redarguit

89 2491 272 2551 intrinsecus.
293 2493 339 2550 Sia
362 2494 458 2562 etiam,
488 2494 557 2550 toris
584 2500 677 2551 osten·
733 2510 782 2551 eos
806 2496 841 2552 de
866 2495 1008 2569 hypocrisi
1023 2502 1051 2553 et
1066 2494 1227 2567 iniquitate,
1264 2494 1321 2552 uod

89 2564 198 2622 debant
210 2564 374 2623 hominibus
384 2567 564 2622 sanctitatem
580 2565 609 2621 in
624 2568 676 2623 ha·
732 2567 910 2624 demonstrat
923 2584 975 2694 ser
986 2570 1144 2649 exemplum
1158 2567 1253 2638 sepulc
1276 2582 1320 2623 ro·

91 2637 164 2706 bitu,
179 2638 207 2694 in
231 2654 375 2707 sermone,
391 2638 421 2693 in
438 2637 630 2710 phylacteriis,
647 2638 676 2696 in
731 2654 813 2695 runt:
851 2656 920 2711 sepu
933 2641 1002 2696 chra
1030 2655 1108 2696 enim
1127 2638 1272 2702 dealbata,
1292 2643 1322 2695 et

88 2708 223 2779 fimbriis,
248 2712 277 2766 in
303 2710 463 2767 orationum
484 2709 674 2782 longitudino,
732 2712 807 2767 calce
817 2710 940 2782 levigata
967 2711 1135 2778 lorinsecus,
1160 2715 1188 2767 et
1214 2715 1317 2766 ornata

88 2785 119 2839 et
133 2780 236 2838 ceteris
256 2781 452 2854 hujuscemodi
468 2800 474 2851 ;
502 2781 675 2840 intrinsecus
731 2782 934 2849 marmoribus,
951 2799 985 2840 ae
1000 2782 1135 2841 distincta
1146 2797 1216 2839 auro
1231 2786 1260 2837 et
1272 2797 1317 2838 eo-

86 2859 186 2911 autem
202 2855 232 2910 in
251 2854 425 2911 conscientia
443 2859 471 2910 et
487 2859 676 2912 ntenteerant
731 2855 839 2911 loribus
864 2854 994 2927 speciosa
1008 2855 1161 2923 nictentur3
1190 2859 1317 2910 attamen

87 2924 164 3008 pleni
177 2924 289 3007 rapina,
317 2941 368 2999 per
384 2926 516 2983 allectum
537 2925 673 2983 arnhitio·
731 2926 808 2983 intus
829 2936 946 2998 propter
960 2943 1024 2983 ossa
1039 2932 1067 2983 et
1085 2926 1269 2996 putredinem
1284 2940 1318 2981 ac

86 3012 144 3065 ms,
165 3001 193 3053 et
208 2997 399 3066 immunditia,
424 3014 476 3069 per
499 2999 674 3070 voluptatem

87 3068 184 3127 earnis
200 3087 207 3137 ;
223 3071 266 3125 vel
296 3069 406 3142 rapina,
434 3070 461 3125 id
486 3076 527 3125 est
543 3072 673 3141 avaritia,

86 3144 117 3199 et
132 3140 322 3201 immunditia.
339 3141 367 3198 id
388 3146 430 3197 est
444 3141 575 3198 sordibus
596 3141 674 3199 ritio-

86 3228 153 3270 rum
166 3229 173 3268 :
188 3211 255 3286 quia
268 3214 343 3285 quod
359 3215 496 3270 bibebant
508 3218 537 3269 et
553 3215 673 3270 mandu-

85 3284 203 3354 cabant,
227 3284 290 3341 alils
306 3286 485 3353 auterebaut,
509 3290 537 3342 et
554 3301 604 3357 per
621 3288 674 3344 hoo

86 3355 169 3414 cibus
186 3360 213 3413 et
244 3363 328 3430 potus
343 3374 443 3415 eorum
464 3357 674 3415 immunditiam

84 3434 268 3501 peecatorum
297 3431 429 3486 habebat.
458 3432 489 3486 ln
520 3431 573 3487 hoe
605 3447 673 3487 rero

86 3499 210 3557 multum
225 3501 369 3566 errabant,
387 3508 414 3558 et
441 3518 544 3575 magna
562 3502 674 3560 caecitas

86 3587 189 3629 eorum
203 3580 275 3641 erat,
292 3576 358 3644 quia
380 3576 444 3645 plus
460 3575 617 3631 curandum
632 3580 674 3632 est

86 3641 124 3700 de
140 3643 278 3701 munditia
293 3645 434 3715 interiori,
445 3663 530 3717 cluam
544 3648 579 3703 de
594 3656 672 3704 erte·

86 3715 159 3771 riori
174 3732 181 3786 3
198 3716 265 3787 quia
280 3720 402 3774 exterior
414 3734 470 3774 tiron
488 3725 529 3775 est
553 3722 611 3776 beo
625 3736 672 3776 ac-

86 3790 181 3867 cepta,
198 3790 251 3843 nisi
267 3804 316 3858 per
330 3791 502 3846 interiorem.
513 3790 594 3846 Tales
607 3797 674 3849 sunt

87 3864 176 3915 etiarn
192 3859 277 3916 modo
291 3860 382 3929 multi,
400 3859 526 3932 quisunt
550 3861 623 3919 sicut
641 3863 673 3918 u-

86 3944 152 3987 mus
172 3931 236 3988 nive
254 3932 412 4000 dealbatus,
440 3932 561 3989 exterius
588 3936 672 3990 deeo-

85 4002 152 4084 rati,
167 4008 201 4085 'et
220 4001 297 4060 intus
311 4002 460 4076 iniquitate
476 4005 564 4077 pleni.
583 4006 673 4077 Unde,

86 4088 110 4129 sr
127 4089 192 4201 quis
210 4073 346 4133 interiora
373 4076 495 4133 exterius
520 4077 674 4147 evolveret,

86 4160 136 4229 mu
148 4149 208 4203 tum
223 4146 365 4218 foetorem,
374 4150 550 4277 multamque
563 4150 674 4207 saniem

87 4216 247 4288 invenirem
262 4219 337 4278 unde
352 4224 381 4277 et
391 4220 507 4278 Ezechie
532 4238 539 4277 ε
556 4223 613 4278 Fili
627 4222 674 4278 lto·

731 2999 938 3055 loetoremsunt
957 2997 1106 3055 horribilia
1128 3004 1156 3053 et
1171 2995 1319 3054 abomina-

729 3070 799 3127 bilia
809 3088 816 3140 ;
828 3069 901 3126 aride
913 3069 1017 3127 dicitur
1030 3069 1223 3142 sepulchrum,
1238 3067 1319 3139 quasi

728 3142 799 3199 semi
818 3144 979 3213 pulchrum.
1003 3143 1048 3199 Sic
1067 3146 1150 3197 erant
1168 3145 1197 3197 et
1217 3140 1319 3196 Phari·

730 3214 790 3283 saei,
808 3214 884 3271 unde
897 3213 966 3270 dicit
980 3213 1139 3270 Dominus:
1160 3215 1207 3269 Vae
1229 3213 1317 3281 uobis,

728 3287 831 3344 Scriba
846 3294 871 3342 et
882 3289 1018 3342 Pharisaei
1030 3286 1268 3358 oppetamque
1282 3286 1320 3339 si-

728 3362 808 3414 miles
823 3361 888 3415 estis
900 3360 1054 3430 sepulchris
1067 3358 1215 3427 teutona,
1232 3372 1319 3427 quan

728 3434 909 3503 forisporcat
924 3431 1080 3488 horninibus
1090 3432 1225 3503 specioso,
1241 3431 1318 3485 intus

728 3520 792 3560 uero
809 3506 894 3575 pleno
913 3510 978 3560 snat
1003 3504 1110 3561 ossibus
1137 3507 1318 3571 mortuorum,

728 3582 754 3633 ct
776 3579 850 3632 omrai
868 3579 1027 3648 spurcitio;
1044 3579 1084 3631 sie
1101 3579 1127 3630 ct
1143 3590 1222 3630 aoso
1247 3574 1318 3641 soris

729 3650 840 3720 quidem
855 3651 960 3720 paratis
972 3648 1129 3704 hominibus
1141 3647 1226 3716 justi,
1237 3660 1318 3700 mun·

728 3719 829 3776 ditiam
842 3721 959 3788 scilicet,
976 3725 1004 3777 et
1017 3717 1157 3791 justitiam
1170 3717 1201 3772 in
1216 3717 1316 3772 lrahitu

727 3792 814 3849 restis
835 3797 863 3847 et
879 3791 1037 3849 humilitate
1062 3790 1227 3853 verborum,
1252 3801 1316 3859 pro·

727 3871 791 3936 pter
806 3862 873 3920 boni
884 3863 1105 3929 simulationem,
1116 3858 1313 3917 ostendentes·

728 3940 804 3991 iratus
818 3940 909 3991 cratem
923 3937 999 4007 pleni
1020 3939 1085 3991 estis
1099 3931 1265 4002 hyprocrisi,
1284 3899 1313 3984 id

729 4012 773 4063 cst
795 4023 892 4063 amore
910 4024 989 4064 tarrae
1010 4004 1110 4071 laudis,
1126 4006 1263 4075 quantum
1277 4000 1313 4056 ad

729 4079 919 4136 intentionem
939 4076 1139 4143 simulationis,
1160 4077 1186 4130 et
1205 4074 1312 4143 iniqui·

731 4156 797 4220 tate,
812 4152 840 4208 id
861 4157 904 4208 est
927 4150 992 4207 odio
1021 4145 1159 4215 veritatis,
1175 4150 1311 4215 quantum

732 4225 767 4280 ad
782 4222 963 4280 allectionem
978 4216 1172 4292 malignitatis.
1186 4217 1315 4273 interius

89 4292 186 4365 nino,
212 4291 278 4363 toda
300 4295 445 4370 potinem,
464 4293 617 4367 capream,
650 4299 677 4353 tt
733 4295 838 4356 behem
873 4291 1118 4355 conversationem
1151 4290 1315 4358 honestam,
