2820 4928
188 316 231 377 ΒΕ
258 319 435 388 ullaulla,
461 320 532 376 HG.
560 320 601 376 ΕΤ
627 322 810 378 extuttrto
837 324 963 409 ututts
990 325 1023 381 tlt
1052 324 1156 379 utult.
1239 324 1281 380 tet

600 437 729 497 ORATIO

91 614 213 699 Domine
231 616 419 699 lesuchriste
432 618 490 691 pie,
499 618 536 676 da
549 617 706 687 mihi,visis
716 619 813 676 muudi
825 619 1082 679 abominationibus
1093 623 1122 677 et
1137 618 1286 677 savienti-

55 691 112 751 hus
128 689 373 755 tribulationibus,
389 690 425 746 ad
445 697 555 747 montes
571 698 599 748 et
613 691 738 748 culmina
756 691 890 749 victutum
908 693 1016 761 lugere,
1033 702 1060 749 et
1077 691 1106 749 iu
1122 691 1285 749 caelestibus

57 762 267 842 conversando·
280 760 315 816 de
330 761 469 833 spirituali
485 762 656 819 sublimitate
674 764 709 820 ad
731 764 856 820 carnalia
870 764 1010 821 desiderio
1023 769 1051 821 et
1063 770 1144 821 actus
1156 763 1285 836 pristiam

56 834 284 893 conversationis
299 833 451 891 mundante
469 851 526 891 non
541 835 726 904 descendere,
750 835 793 891 vel
814 852 860 892 me
875 835 1023 905 inclinare,
1045 841 1073 891 rt
1093 835 1123 892 in
1138 834 1286 892 anteriora

55 922 104 964 me
118 903 308 973 extendendo,
327 909 354 960 et
368 922 420 977 pro
437 907 529 962 fructu
547 907 689 964 honorum
707 923 825 978 operum
847 908 1012 976 laborando,
1035 907 1065 963 in
1086 906 1246 980 posteriora
1259 912 1288 963 et

56 977 95 1037 ad
109 973 278 1047 temporalia
293 975 395 1047 quihus
410 993 455 1034 me
472 977 534 1034 exui
554 995 610 1035 nou
622 978 774 1052 respicere.
795 982 835 1036 lla
850 980 935 1036 etiam
957 979 1038 1048 mihi,
1053 985 1085 1035 ut
1099 978 1183 1035 nullis
1197 979 1285 1035 sedu-

59 1047 188 1107 ctoribus
207 1047 337 1130 credens,
356 1065 473 1121 regnum
489 1049 600 1122 gratiae,
615 1050 778 1122 quodintra
792 1067 842 1108 uos
855 1055 1035 1125 potestesse,
1048 1054 1229 1123 quaramet
1244 1050 1284 1106 sic

58 1120 98 1181 ad
110 1133 230 1192 regnum
244 1117 344 1191 gloria
362 1120 538 1193 perveniam.
553 1123 654 1181 Amen.

560 1443 697 1521 chnut
718 1446 792 1523 XLI

54 1669 95 1717 DE
117 1668 254 1718 umbus
281 1668 398 1716 CONTRA
429 1668 622 1717 srttuuuatns
647 1667 798 1716 mousstttt
819 1668 965 1716 nements
992 1662 1214 1724 TENTATIONM,
1244 1664 1283 1710 ET

436 1750 595 1799 exanclato
611 1750 722 1797 fflTIS
739 1751 769 1796 Ill
784 1751 878 1797 undu.

96 1946 107 1982 ι
124 1925 319 1981 Tauramovmt
332 1939 414 1981 nureo
427 1939 542 1981 nerana.
559 1924 643 1980 -Et
693 1920 889 1996 perfectionis,
905 1925 948 1979 est
967 1921 1044 1979 istud
1062 1939 1069 1978 ε
1085 1928 1116 1978 ut
1134 1938 1191 1980 non
1206 1923 1283 1980 desi-

56 1994 136 2126 guia.
156 1999 187 2051 ut
202 1994 310 2052 dictum
332 2000 386 2063 est,
402 2000 468 2052 ante
487 1995 641 2052 adventum
695 1996 778 2052 deres
798 1993 921 2051 visiones
949 1999 998 2049 aut
1023 1994 1223 2065 revelationes,
1239 1996 1283 2052 vel

83 2065 172 2125 omini
194 2071 310 2136 sarpam
332 2067 414 2124 multi
434 2067 640 2139 pseudochristi
693 2066 866 2123 sentimenta
881 2082 945 2136 quae
959 2070 1123 2138 suotsupra
1137 2072 1281 2131 naturam,

57 2144 88 2198 et
102 2137 370 2212 pseudoprophetae,
385 2138 416 2195 id
441 2144 483 2195 est
505 2138 640 2208 simulati,
694 2144 722 2195 et
741 2154 827 2209 supra
846 2152 960 2194 cursum
977 2136 1092 2194 illorum
1117 2136 1164 2209 qui
1192 2138 1284 2195 Deum

56 2215 87 2269 et
117 2209 200 2277 ialsi3
230 2215 258 2266 et
286 2212 422 2267 seducent
449 2212 563 2281 multos,
593 2209 640 2282 qui
695 2210 872 2281 diligunt,et
897 2208 999 2265 timent
1024 2225 1073 2279 per
1100 2208 1283 2267 verissimum

57 2286 125 2339 ante
138 2280 310 2339 videbantur
328 2281 414 2338 etiam
429 2282 562 2354 perlecti,
575 2281 640 2340 ideo
694 2298 821 2339 amorem
836 2299 842 2338 :
863 2280 929 2353 quia
945 2281 1019 2338 istud
1032 2281 1204 2338 desiderium
1219 2297 1283 2338 esse

56 2352 105 2410 hie
118 2360 325 2424 consequenter
336 2354 584 2426 ponunturaliqua
598 2371 641 2411 re·
695 2371 752 2410 nen
764 2359 856 2426 potest
871 2353 933 2411 sine
946 2352 1051 2420 radice,
1066 2359 1094 2410 et
1107 2353 1169 2410 sine
1182 2353 1281 2411 lunda·

56 2424 154 2483 media
178 2429 277 2481 contra
306 2428 443 2507 quasdam
468 2426 640 2483 tentationes
695 2433 791 2482 mento
821 2424 961 2496 supcrhiae
986 2430 1013 2482 et
1028 2424 1280 2498 praesumptionis3

54 2496 221 2569 spirituales
236 2512 300 2568 quae
313 2504 366 2552 isto
382 2498 642 2570 temporeahunda·
694 2498 737 2554 vel
751 2496 813 2553 sine
826 2496 984 2554 intentione
999 2498 1120 2567 alicujus
1134 2513 1215 2554 vanae
1229 2513 1280 2553 cu·

53 2568 140 2637 hunt,
155 2567 192 2625 ad
208 2568 387 2640 probandum
408 2576 437 2626 et
460 2570 641 2640 purgandum
695 2568 833 2625 riositatis
849 2568 923 2625 eirca
949 2573 1059 2624 secreta
1080 2567 1141 2637 Dei,
1158 2568 1201 2624 vel
1217 2567 1280 2624 sine

54 2640 171 2708 electos,
193 2654 256 2712 quae
271 2639 356 2697 etiam
376 2639 405 2697 in
425 2639 556 2697 cordibus
571 2656 640 2712 que·
694 2638 848 2710 fragilitate
874 2645 903 2695 et
922 2637 1032 2695 delectu
1054 2638 1119 2694 tidei
1140 2656 1148 2693 ι
1167 2645 1282 2710 prepter

52 2710 189 2769 rumdam
221 2710 398 2769 seminantur
426 2728 444 2769 a
467 2710 592 2781 diabolo,
613 2717 642 2768 et
696 2728 758 2783 quae
771 2709 883 2781 iustitia
896 2709 945 2766 Dei
958 2708 1282 2782 dimittitanimamqum

53 2786 220 2857 praeparant
233 2783 326 2840 lecum
340 2782 527 2840 Antichristo.
547 2782 642 2855 Dupli-
695 2784 781 2839 hahet
790 2781 963 2839 desiderium
978 2780 1191 2853 huiusmodi,et
1203 2782 1283 2838 venit

55 2853 130 2911 citer
143 2859 240 2911 autem
260 2856 376 2912 veniunt
392 2855 535 2927 praedictae
551 2860 640 2912 teuta·
696 2855 867 2981 quandoque
890 2852 955 2909 talis
978 2851 1014 2934 ¹iu
1041 2851 1232 2909 tentationem
1254 2860 1283 2908 et

54 2925 152 2983 tiones
172 2925 296 2998 :primo
313 2942 364 2995 per
387 2929 599 2998 suggestionem
614 2933 642 2982 et
696 2925 704 2982 i
718 2924 861 2981 lusionem
881 2924 996 2981 diaboli.
1010 2925 1064 2979 Per
1076 2924 1151 2979 hune
1167 2925 1284 2980 modum

56 2996 219 3055 illusionem
236 2997 353 3067 diaboli,
370 2996 417 3069 qui
431 2997 534 3066 decipit
548 2999 641 3054 homi·
696 2995 818 3053 seminat
845 2995 974 3052 diabolus
1002 2995 1142 3066 majorem
1171 3000 1283 3067 partem

57 3067 172 3127 nemin
187 3067 326 3141 regimine
347 3069 422 3141 qued
436 3071 520 3127 debet
534 3070 641 3126 habere
695 3067 884 3125 tentationum
904 3065 1092 3139 spiritualium
1117 3065 1200 3122 istius
1215 3071 1286 3123 tem·

57 3156 128 3213 erga
143 3141 244 3209 Deum,
259 3139 333 3199 etin
353 3143 406 3197 boe
420 3143 496 3212 quod
516 3149 559 3197 est
573 3140 640 3209 Βοὴ
695 3139 783 3213 poris,
800 3143 828 3195 ct
845 3137 998 3195 radicatio
1014 3136 1150 3193 cordibus
1166 3137 1283 3195 illorum

56 3212 196 3281 meando,
217 3227 270 3286 per
288 3220 451 3284 corruptam
472 3211 641 3281 doctrinam,
696 3211 744 3340 gui
761 3217 827 3268 sunt
841 3209 932 3292 nuntii
946 3209 1127 3291 antichristi,
1144 3214 1230 3282 prout
1242 3208 1283 3265 vi-

56 3290 87 3341 et
101 3283 217 3340 modurn
236 3283 348 3341 vivendi
372 3283 505 3345 aliorum.
521 3283 569 3355 qui
581 3285 641 3356 J'am
717 3300 765 3340 ere
778 3288 884 3353 poteris
899 3298 927 3337 tn
942 3282 1192 3352 subsequentibus.
1203 3283 1285 3338 Unde

57 3362 201 3412 venerunt
214 3370 265 3427 per
279 3355 450 3412 tentationes
465 3355 640 3428 hujusmodi.
697 3356 784 3411 debes
802 3353 874 3410 scire
889 3355 963 3425 quod
986 3368 1060 3408 verm
1081 3351 1283 3421 revelationes,

58 3426 180 3498 Propter
193 3426 269 3498 quod
283 3427 490 3484 ostendendum
503 3432 545 3483 est
567 3445 574 3483 :
590 3426 642 3499 pri·
696 3433 725 3484 et
747 3425 918 3483 sentimenta
933 3424 1092 3496 spiritualia
1108 3431 1285 3482 secretorum

55 3512 105 3555 mo
119 3498 195 3569 quod
209 3497 335 3626 regimen
350 3498 438 3556 debes
452 3500 556 3556 habere
566 3499 642 3571 apud
698 3500 758 3566 Dei,
777 3514 834 3554 non
848 3496 966 3554 veniunt
981 3513 1030 3567 per
1044 3497 1218 3554 antedictum
1234 3498 1286 3555 de·

55 3570 232 3635 Deum,eta

54 3639 200 3713 quemodo
215 3641 303 3698 debes
313 3645 372 3713 regi
384 3658 452 3714 erga
463 3642 642 3714 aliosquan·
699 3659 764 3699 men
781 3642 825 3698 vel
840 3645 967 3698 studium
982 3640 1059 3712 qued
1073 3656 1169 3697 anima
1180 3640 1287 3697 haheat

53 3715 116 3769 tum
128 3712 164 3767 ad
177 3711 346 3783 doctrinam,
357 3719 386 3769 et
394 3718 531 3785 quantum
542 3713 578 3771 ad
586 3728 643 3770 mo·
698 3713 726 3770 in
743 3730 789 3781 se;
806 3714 855 3769 sed
870 3717 978 3769 tantum
990 3714 1106 3767 veniunt
1120 3727 1171 3782 per
1182 3726 1284 3782 purant

54 3782 124 3840 dum
135 3781 247 3840 vivendi
263 3800 373 3841 eorum.
699 3784 856 3841 honitatem
875 3783 924 3838 hei
949 3785 976 3837 in
998 3782 1134 3849 animaru,
1155 3797 1218 3853 quae
1243 3786 1288 3839 est

91 3874 106 3911 2
123 3854 249 3922 Quiveua
282 3873 400 3912 naason
427 3871 531 3912 ceurae
545 3872 644 3911 rauna·
701 3858 728 3912 in
744 3870 848 3927 uragna
862 3853 1033 3919 humilitate,
1052 3861 1080 3910 et
1092 3853 1118 3908 in
1136 3868 1240 3924 magno
1252 3851 1288 3907 ti-

54 3941 152 3983 mebas
173 3943 208 3981 ex
222 3944 307 3983 ranae
325 3944 443 3984 orarem.
460 3959 495 3968 —
519 3926 644 3985 Primum
700 3942 790 3995 moro,
807 3941 839 3982 ac
857 3934 1019 3983 reverentia
1040 3923 1099 3982 Dei.
1117 3926 1198 3990 ltem,
1215 3923 1289 3980 scios

55 3995 217 4054 remedium
246 4007 345 4055 eontra
364 4000 538 4056 tentationes
559 3997 645 4070 spiri·
701 3997 778 4070 qued
790 3997 945 4055 exercitare
961 4013 992 4053 se
1011 3995 1039 4052 in
1058 4010 1162 4067 magna
1177 3993 1291 4051 humili-

54 4067 150 4126 tuales
164 4067 248 4126 istius
263 4069 411 4153 temporis.
428 4086 499 4143 quas
512 4074 647 4143 procurat
702 4074 770 4138 tate,
784 4085 818 4126 ac
833 4068 935 4126 timore
953 4082 1068 4134 magno,
1081 4081 1114 4122 ac
1130 4066 1291 4147 reverentia

56 4138 193 4197 diabotus
208 4139 236 4197 in
251 4141 387 4199 cordibus
401 4140 516 4199 illorum
532 4140 580 4213 qui
595 4157 643 4197 vo·
703 4140 763 4207 Dei,
787 4146 902 4213 propter
915 4141 968 4196 hee
983 4143 1013 4195 ut
1026 4139 1111 4194 bomo
1126 4137 1231 4193 habeat
1251 4154 1289 4193 vt·

58 4210 125 4268 lunt
151 4212 270 4271 sedare
291 4215 349 4271 Dee
371 4229 424 4286 per
442 4213 602 4271 orationem
620 4217 649 4269 et
703 4213 797 4271 sienes
818 4228 851 4269 ac
873 4209 1061 4269 revelationes
1075 4214 1103 4266 et
1117 4207 1289 4266 sentimenta

57 4283 344 4357 contemptationem,
360 4287 404 4342 vel
420 4301 472 4357 per
490 4285 548 4344 alia
562 4300 649 4358 opera
704 4284 878 4360 supradicta,
894 4287 937 4339 est
951 4282 1057 4340 hebere
1071 4280 1101 4337 in
1118 4296 1149 4339 se
1162 4280 1286 4339 radicem

260 3568 433 3641 idquodllei
448 3577 492 3627 est
507 3588 513 3638 ;
531 3576 641 3643 etpost,
697 3569 846 3635 siderium,
863 3585 955 3652 neque
984 3584 1035 3639 per
1060 3567 1176 3651 aliquod
1196 3585 1283 3626 eena-
