<?xml version="1.0" encoding="UTF-8"?>
<!DOCTYPE html PUBLIC "-//W3C//DTD XHTML 1.0 Transitional//EN"
    "http://www.w3.org/TR/xhtml1/DTD/xhtml1-transitional.dtd">
<html xmlns="http://www.w3.org/1999/xhtml" xml:lang="en" lang="en">
 <head>
  <title>
</title>
<meta http-equiv="Content-Type" content="text/html;charset=utf-8" />
  <meta name='ocr-system' content='tesseract 3.04.00' />
  <meta name='ocr-capabilities' content='ocr_page ocr_carea ocr_par ocr_line ocrx_word'/>
</head>
<body>
  <div class='ocr_page' id='page_1' title='image "./vitajesuchristi01ludogoog_0274.png"; bbox 0 0 2820 4928; ppageno 0'>
   <div class='ocr_carea' id='block_1_1' title="bbox 201 300 1296 369">
    <p class='ocr_par' dir='ltr' id='par_1_1' title="bbox 201 300 1296 369">
     <span class='ocr_line' id='line_1_1' title="bbox 201 300 1296 369; baseline 0.006 -13"><span class='ocrx_word' id='word_1_1' title='bbox 201 300 242 356; x_wconf 81' lang='lat' dir='ltr'><strong>bi:</strong></span> <span class='ocrx_word' id='word_1_2' title='bbox 279 302 452 369; x_wconf 65' lang='lat' dir='ltr'><strong>liminis,</strong></span> <span class='ocrx_word' id='word_1_3' title='bbox 481 306 553 362; x_wconf 78' lang='lat' dir='ltr'><strong>hrt.</strong></span> <span class='ocrx_word' id='word_1_4' title='bbox 583 308 621 362; x_wconf 76' lang='lat' dir='ltr'><strong>BT</strong></span> <span class='ocrx_word' id='word_1_5' title='bbox 648 303 834 361; x_wconf 65' lang='lat' dir='ltr'><strong>halloixio</strong></span> <span class='ocrx_word' id='word_1_6' title='bbox 862 304 987 360; x_wconf 78' lang='lat' dir='ltr'><strong>littriris</strong></span> <span class='ocrx_word' id='word_1_7' title='bbox 1013 307 1046 358; x_wconf 80' lang='lat' dir='ltr'><strong>tri</strong></span> <span class='ocrx_word' id='word_1_8' title='bbox 1074 306 1170 360; x_wconf 81' lang='lat' dir='ltr'><strong>osuit</strong></span> <span class='ocrx_word' id='word_1_9' title='bbox 1251 309 1296 363; x_wconf 64' lang='lat'><strong>263</strong></span> 
     </span>
    </p>
   </div>
   <div class='ocr_carea' id='block_1_2' title="bbox 70 409 660 485">
    <p class='ocr_par' dir='ltr' id='par_1_2' title="bbox 70 409 660 485">
     <span class='ocr_line' id='line_1_2' title="bbox 70 409 660 485; baseline 0.005 -16"><span class='ocrx_word' id='word_1_10' title='bbox 70 411 140 469; x_wconf 82' lang='lat' dir='ltr'><strong>liei:</strong></span> <span class='ocrx_word' id='word_1_11' title='bbox 175 425 233 466; x_wconf 88' lang='lat' dir='ltr'><strong>:on</strong></span> <span class='ocrx_word' id='word_1_12' title='bbox 259 415 354 466; x_wconf 88' lang='lat' dir='ltr'><strong>tamen</strong></span> <span class='ocrx_word' id='word_1_13' title='bbox 374 409 501 469; x_wconf 90' lang='lat' dir='ltr'><strong>totaliter</strong></span> <span class='ocrx_word' id='word_1_14' title='bbox 522 413 660 485; x_wconf 75' lang='lat' dir='ltr'><strong>confidas,</strong></span> 
     </span>
    </p>
   </div>
   <div class='ocr_carea' id='block_1_3' title="bbox 715 412 1297 489">
    <p class='ocr_par' dir='ltr' id='par_1_3' title="bbox 715 412 1297 489">
     <span class='ocr_line' id='line_1_3' title="bbox 715 412 1297 489; baseline 0.005 -20"><span class='ocrx_word' id='word_1_15' title='bbox 715 412 792 469; x_wconf 82' lang='lat' dir='ltr'><strong>dices</strong></span> <span class='ocrx_word' id='word_1_16' title='bbox 806 428 859 485; x_wconf 89' lang='lat' dir='ltr'><strong>per</strong></span> <span class='ocrx_word' id='word_1_17' title='bbox 871 414 949 468; x_wconf 91' lang='lat' dir='ltr'><strong>tuam</strong></span> <span class='ocrx_word' id='word_1_18' title='bbox 961 412 1187 483; x_wconf 87' lang='lat' dir='ltr'><strong>opinionem,sed</strong></span> <span class='ocrx_word' id='word_1_19' title='bbox 1200 414 1224 471; x_wconf 89' lang='lat' dir='ltr'><strong>si</strong></span> <span class='ocrx_word' id='word_1_20' title='bbox 1235 421 1297 489; x_wconf 91' lang='lat' dir='ltr'><strong>pot·</strong></span> 
     </span>
    </p>
   </div>
   <div class='ocr_carea' id='block_1_4' title="bbox 67 480 1295 555">
    <p class='ocr_par' dir='ltr' id='par_1_4' title="bbox 67 480 1295 555">
     <span class='ocr_line' id='line_1_4' title="bbox 67 480 1295 555; baseline 0.002 -15"><span class='ocrx_word' id='word_1_21' title='bbox 67 483 223 555; x_wconf 31' lang='lat' dir='ltr'><strong>qu&#39;aaeslie</strong></span> <span class='ocrx_word' id='word_1_22' title='bbox 236 485 264 536; x_wconf 90' lang='lat' dir='ltr'><strong>ct</strong></span> <span class='ocrx_word' id='word_1_23' title='bbox 276 480 396 538; x_wconf 78' lang='lat' dir='ltr'><strong>maxime</strong></span> <span class='ocrx_word' id='word_1_24' title='bbox 409 482 437 538; x_wconf 91' lang='lat' dir='ltr'><strong>iu</strong></span> <span class='ocrx_word' id='word_1_25' title='bbox 457 485 661 544; x_wconf 86' lang='lat' dir='ltr'><strong>tentationibus</strong></span> <span class='ocrx_word' id='word_1_26' title='bbox 714 501 756 551; x_wconf 90' lang='lat' dir='ltr'><strong>es,</strong></span> <span class='ocrx_word' id='word_1_27' title='bbox 776 500 826 555; x_wconf 89' lang='lat' dir='ltr'><strong>per</strong></span> <span class='ocrx_word' id='word_1_28' title='bbox 840 483 1032 540; x_wconf 84' lang='lat' dir='ltr'><strong>testimonium</strong></span> <span class='ocrx_word' id='word_1_29' title='bbox 1049 490 1155 542; x_wconf 85' lang='lat' dir='ltr'><strong>certum</strong></span> <span class='ocrx_word' id='word_1_30' title='bbox 1173 485 1295 555; x_wconf 89' lang='lat' dir='ltr'><strong>Scriptu-</strong></span> 
     </span>
    </p>
   </div>
   <div class='ocr_carea' id='block_1_5' title="bbox 53 555 658 4000">
    <p class='ocr_par' dir='ltr' id='par_1_5' title="bbox 53 555 658 4000">
     <span class='ocr_line' id='line_1_5' title="bbox 68 555 658 616; baseline 0.005 -3"><span class='ocrx_word' id='word_1_31' title='bbox 68 555 213 613; x_wconf 90' lang='lat' dir='ltr'><strong>iuducitur</strong></span> <span class='ocrx_word' id='word_1_32' title='bbox 229 569 279 611; x_wconf 92' lang='lat' dir='ltr'><strong>seu</strong></span> <span class='ocrx_word' id='word_1_33' title='bbox 291 555 479 611; x_wconf 84' lang='lat' dir='ltr'><strong>absconditur</strong></span> <span class='ocrx_word' id='word_1_34' title='bbox 488 556 595 614; x_wconf 65' lang='lat' dir='ltr'><strong>salsitas</strong></span> <span class='ocrx_word' id='word_1_35' title='bbox 607 560 658 616; x_wconf 92' lang='lat' dir='ltr'><strong>sub</strong></span> 
     </span>
     <span class='ocr_line' id='line_1_6' title="bbox 66 624 657 695; baseline 0.008 -14"><span class='ocrx_word' id='word_1_36' title='bbox 66 626 163 695; x_wconf 84' lang='lat' dir='ltr'><strong>specie</strong></span> <span class='ocrx_word' id='word_1_37' title='bbox 180 624 318 687; x_wconf 82' lang='lat' dir='ltr'><strong>veritatis.</strong></span> <span class='ocrx_word' id='word_1_38' title='bbox 335 631 363 681; x_wconf 92' lang='lat' dir='ltr'><strong>et</strong></span> <span class='ocrx_word' id='word_1_39' title='bbox 378 627 487 683; x_wconf 79' lang='lat' dir='ltr'><strong>malitia</strong></span> <span class='ocrx_word' id='word_1_40' title='bbox 506 634 558 685; x_wconf 90' lang='lat' dir='ltr'><strong>suli</strong></span> <span class='ocrx_word' id='word_1_41' title='bbox 579 629 657 685; x_wconf 92' lang='lat' dir='ltr'><strong>simi·</strong></span> 
     </span>
     <span class='ocr_line' id='line_1_7' title="bbox 66 696 658 773; baseline 0.003 -17"><span class='ocrx_word' id='word_1_42' title='bbox 66 698 190 757; x_wconf 83' lang='lat' dir='ltr'><strong>titudine</strong></span> <span class='ocrx_word' id='word_1_43' title='bbox 207 696 354 765; x_wconf 86' lang='lat' dir='ltr'><strong>bonitatis,</strong></span> <span class='ocrx_word' id='word_1_44' title='bbox 376 702 405 753; x_wconf 93' lang='lat' dir='ltr'><strong>ut</strong></span> <span class='ocrx_word' id='word_1_45' title='bbox 421 698 552 757; x_wconf 88' lang='lat' dir='ltr'><strong>diabolus</strong></span> <span class='ocrx_word' id='word_1_46' title='bbox 567 702 658 773; x_wconf 79' lang='lat' dir='ltr'><strong>possit</strong></span> 
     </span>
     <span class='ocr_line' id='line_1_8' title="bbox 66 770 655 842; baseline 0.005 -13"><span class='ocrx_word' id='word_1_47' title='bbox 66 770 170 829; x_wconf 78' lang='lat' dir='ltr'><strong>melius</strong></span> <span class='ocrx_word' id='word_1_48' title='bbox 197 775 226 826; x_wconf 89' lang='lat' dir='ltr'><strong>et</strong></span> <span class='ocrx_word' id='word_1_49' title='bbox 253 785 327 842; x_wconf 86' lang='lat' dir='ltr'><strong>saepe</strong></span> <span class='ocrx_word' id='word_1_50' title='bbox 356 771 505 828; x_wconf 79' lang='lat' dir='ltr'>mortalem</span> <span class='ocrx_word' id='word_1_51' title='bbox 529 789 655 831; x_wconf 79' lang='lat' dir='ltr'><strong>errorem</strong></span> 
     </span>
     <span class='ocr_line' id='line_1_9' title="bbox 66 840 657 918; baseline 0.005 -17"><span class='ocrx_word' id='word_1_52' title='bbox 66 842 238 901; x_wconf 85' lang='lat' dir='ltr'><strong>dilluuitere.</strong></span> <span class='ocrx_word' id='word_1_53' title='bbox 256 843 287 897; x_wconf 87' lang='lat' dir='ltr'><strong>Et</strong></span> <span class='ocrx_word' id='word_1_54' title='bbox 306 840 369 899; x_wconf 89' lang='lat' dir='ltr'><strong>ideo</strong></span> <span class='ocrx_word' id='word_1_55' title='bbox 387 841 499 900; x_wconf 90' lang='lat' dir='ltr'><strong>videtur</strong></span> <span class='ocrx_word' id='word_1_56' title='bbox 514 844 577 916; x_wconf 93' lang='lat' dir='ltr'><strong>pliis</strong></span> <span class='ocrx_word' id='word_1_57' title='bbox 599 856 657 918; x_wconf 86' lang='lat' dir='ltr'><strong>pta·</strong></span> 
     </span>
     <span class='ocr_line' id='line_1_10' title="bbox 66 913 655 986; baseline 0.007 -14"><span class='ocrx_word' id='word_1_58' title='bbox 66 930 131 973; x_wconf 87' lang='lat' dir='ltr'><strong>cere</strong></span> <span class='ocrx_word' id='word_1_59' title='bbox 144 916 211 980; x_wconf 87' lang='lat' dir='ltr'><strong>Deo,</strong></span> <span class='ocrx_word' id='word_1_60' title='bbox 221 929 305 986; x_wconf 90' lang='lat' dir='ltr'><strong>quani</strong></span> <span class='ocrx_word' id='word_1_61' title='bbox 315 913 655 976; x_wconf 78' lang='lat' dir='ltr'><strong>visioncsetsenlimenta</strong></span> 
     </span>
     <span class='ocr_line' id='line_1_11' title="bbox 66 988 656 1058; baseline -0.002 -14"><span class='ocrx_word' id='word_1_62' title='bbox 66 1003 101 1044; x_wconf 87' lang='lat' dir='ltr'><strong>ac</strong></span> <span class='ocrx_word' id='word_1_63' title='bbox 122 992 230 1058; x_wconf 71' lang='lat' dir='ltr'><strong>raptu,</strong></span> <span class='ocrx_word' id='word_1_64' title='bbox 250 1002 314 1056; x_wconf 87' lang='lat' dir='ltr'><strong>quae</strong></span> <span class='ocrx_word' id='word_1_65' title='bbox 340 988 494 1044; x_wconf 76' lang='lat' dir='ltr'><strong>secundum</strong></span> <span class='ocrx_word' id='word_1_66' title='bbox 516 992 589 1056; x_wconf 88' lang='lat' dir='ltr'><strong>quod</strong></span> <span class='ocrx_word' id='word_1_67' title='bbox 614 990 656 1046; x_wconf 86' lang='lat' dir='ltr'><strong>di·</strong></span> 
     </span>
     <span class='ocr_line' id='line_1_12' title="bbox 67 1058 653 1119; baseline 0.009 -5"><span class='ocrx_word' id='word_1_68' title='bbox 67 1063 142 1116; x_wconf 87' lang='lat' dir='ltr'><strong>ctuiii</strong></span> <span class='ocrx_word' id='word_1_69' title='bbox 167 1063 221 1119; x_wconf 84' lang='lat' dir='ltr'><strong>est.</strong></span> <span class='ocrx_word' id='word_1_70' title='bbox 241 1058 347 1114; x_wconf 90' lang='lat' dir='ltr'><strong>habent</strong></span> <span class='ocrx_word' id='word_1_71' title='bbox 372 1058 584 1117; x_wconf 84' lang='lat' dir='ltr'><strong>similitudinem</strong></span> <span class='ocrx_word' id='word_1_72' title='bbox 607 1077 653 1119; x_wconf 90' lang='lat' dir='ltr'><strong>ve·</strong></span> 
     </span>
     <span class='ocr_line' id='line_1_13' title="bbox 65 1128 653 1204; baseline 0.003 -17"><span class='ocrx_word' id='word_1_73' title='bbox 65 1129 162 1187; x_wconf 89' lang='lat' dir='ltr'><strong>ritatis</strong></span> <span class='ocrx_word' id='word_1_74' title='bbox 186 1135 214 1186; x_wconf 92' lang='lat' dir='ltr'><strong>et</strong></span> <span class='ocrx_word' id='word_1_75' title='bbox 237 1128 384 1196; x_wconf 84' lang='lat' dir='ltr'><strong>bonilatis,</strong></span> <span class='ocrx_word' id='word_1_76' title='bbox 400 1129 529 1188; x_wconf 76' lang='lat' dir='ltr'>dimittas</span> <span class='ocrx_word' id='word_1_77' title='bbox 544 1132 586 1189; x_wconf 85' lang='lat' dir='ltr'><strong>ire</strong></span> <span class='ocrx_word' id='word_1_78' title='bbox 601 1149 653 1204; x_wconf 90' lang='lat' dir='ltr'><strong>pro</strong></span> 
     </span>
     <span class='ocr_line' id='line_1_14' title="bbox 67 1201 652 1273; baseline 0.003 -14"><span class='ocrx_word' id='word_1_79' title='bbox 67 1206 147 1259; x_wconf 85' lang='lat' dir='ltr'><strong>lanto</strong></span> <span class='ocrx_word' id='word_1_80' title='bbox 173 1208 310 1273; x_wconf 84' lang='lat' dir='ltr'><strong>quantum</strong></span> <span class='ocrx_word' id='word_1_81' title='bbox 327 1201 441 1270; x_wconf 84' lang='lat' dir='ltr'><strong>valent;</strong></span> <span class='ocrx_word' id='word_1_82' title='bbox 461 1202 514 1258; x_wconf 89' lang='lat' dir='ltr'><strong>nisi</strong></span> <span class='ocrx_word' id='word_1_83' title='bbox 539 1205 652 1261; x_wconf 89' lang='lat' dir='ltr'><strong>coutin-</strong></span> 
     </span>
     <span class='ocr_line' id='line_1_15' title="bbox 66 1273 652 1346; baseline 0.01 -18"><span class='ocrx_word' id='word_1_84' title='bbox 66 1278 117 1346; x_wconf 89' lang='lat' dir='ltr'><strong>gat</strong></span> <span class='ocrx_word' id='word_1_85' title='bbox 136 1273 277 1344; x_wconf 79' lang='lat' dir='ltr'><strong>aliquibus</strong></span> <span class='ocrx_word' id='word_1_86' title='bbox 295 1273 426 1344; x_wconf 89' lang='lat' dir='ltr'><strong>personis</strong></span> <span class='ocrx_word' id='word_1_87' title='bbox 451 1273 560 1331; x_wconf 87' lang='lat' dir='ltr'><strong>ratione</strong></span> <span class='ocrx_word' id='word_1_88' title='bbox 580 1292 652 1333; x_wconf 90' lang='lat' dir='ltr'><strong>san-</strong></span> 
     </span>
     <span class='ocr_line' id='line_1_16' title="bbox 66 1343 652 1419; baseline 0.007 -17"><span class='ocrx_word' id='word_1_89' title='bbox 66 1343 174 1402; x_wconf 89' lang='lat' dir='ltr'><strong>ctitatis</strong></span> <span class='ocrx_word' id='word_1_90' title='bbox 188 1350 217 1402; x_wconf 90' lang='lat' dir='ltr'><strong>et</strong></span> <span class='ocrx_word' id='word_1_91' title='bbox 232 1344 401 1401; x_wconf 48' lang='lat' dir='ltr'><strong>humilitati*</strong></span> <span class='ocrx_word' id='word_1_92' title='bbox 414 1361 512 1402; x_wconf 82' lang='lat' dir='ltr'><strong>eorum</strong></span> <span class='ocrx_word' id='word_1_93' title='bbox 524 1349 652 1419; x_wconf 85' lang='lat' dir='ltr'><strong>probalae</strong></span> 
     </span>
     <span class='ocr_line' id='line_1_17' title="bbox 66 1416 652 1489; baseline 0.003 -14"><span class='ocrx_word' id='word_1_94' title='bbox 66 1416 225 1475; x_wconf 78' lang='lat' dir='ltr'><strong>certissime</strong></span> <span class='ocrx_word' id='word_1_95' title='bbox 253 1422 281 1473; x_wconf 90' lang='lat' dir='ltr'><strong>et</strong></span> <span class='ocrx_word' id='word_1_96' title='bbox 309 1416 467 1479; x_wconf 76' lang='lat' dir='ltr'><strong>manifeste.</strong></span> <span class='ocrx_word' id='word_1_97' title='bbox 485 1418 520 1474; x_wconf 88' lang='lat' dir='ltr'><strong>de</strong></span> <span class='ocrx_word' id='word_1_98' title='bbox 546 1419 652 1489; x_wconf 93' lang='lat' dir='ltr'><strong>quibus</strong></span> 
     </span>
     <span class='ocr_line' id='line_1_18' title="bbox 66 1488 650 1560; baseline 0.003 -14"><span class='ocrx_word' id='word_1_99' title='bbox 66 1494 143 1546; x_wconf 80' lang='lat' dir='ltr'><strong>esst</strong></span> <span class='ocrx_word' id='word_1_100' title='bbox 157 1494 263 1545; x_wconf 87' lang='lat' dir='ltr'><strong>certum</strong></span> <span class='ocrx_word' id='word_1_101' title='bbox 279 1494 306 1544; x_wconf 92' lang='lat' dir='ltr'><strong>et</strong></span> <span class='ocrx_word' id='word_1_102' title='bbox 316 1488 495 1545; x_wconf 77' lang='lat' dir='ltr'><strong>manifestum</strong></span> <span class='ocrx_word' id='word_1_103' title='bbox 506 1490 581 1560; x_wconf 94' lang='lat' dir='ltr'><strong>quod</strong></span> <span class='ocrx_word' id='word_1_104' title='bbox 595 1508 650 1549; x_wconf 90' lang='lat' dir='ltr'><strong>non</strong></span> 
     </span>
     <span class='ocr_line' id='line_1_19' title="bbox 65 1559 650 1633; baseline 0 -15"><span class='ocrx_word' id='word_1_105' title='bbox 65 1565 183 1633; x_wconf 80' lang='lat' dir='ltr'><strong>possent</strong></span> <span class='ocrx_word' id='word_1_106' title='bbox 197 1559 286 1632; x_wconf 86' lang='lat' dir='ltr'><strong>decipi</strong></span> <span class='ocrx_word' id='word_1_107' title='bbox 308 1576 359 1631; x_wconf 89' lang='lat' dir='ltr'><strong>per</strong></span> <span class='ocrx_word' id='word_1_108' title='bbox 378 1559 525 1617; x_wconf 81' lang='lat' dir='ltr'><strong>illusiones</strong></span> <span class='ocrx_word' id='word_1_109' title='bbox 544 1562 587 1619; x_wconf 89' lang='lat' dir='ltr'><strong>vel</strong></span> <span class='ocrx_word' id='word_1_110' title='bbox 604 1562 650 1619; x_wconf 91' lang='lat' dir='ltr'><strong>in·</strong></span> 
     </span>
     <span class='ocr_line' id='line_1_20' title="bbox 64 1631 651 1715; baseline 0.007 -28"><span class='ocrx_word' id='word_1_111' title='bbox 64 1631 182 1715; x_wconf 78' lang='lat' dir='ltr'><strong>genium</strong></span> <span class='ocrx_word' id='word_1_112' title='bbox 190 1631 311 1715; x_wconf 80' lang='lat' dir='ltr'><strong>diaboli.</strong></span> <span class='ocrx_word' id='word_1_113' title='bbox 328 1633 361 1687; x_wconf 80' lang='lat' dir='ltr'><strong>nt</strong></span> <span class='ocrx_word' id='word_1_114' title='bbox 373 1637 449 1701; x_wconf 88' lang='lat' dir='ltr'><strong>tunc,</strong></span> <span class='ocrx_word' id='word_1_115' title='bbox 464 1634 594 1714; x_wconf 86' lang='lat' dir='ltr'><strong>quamvis</strong></span> <span class='ocrx_word' id='word_1_116' title='bbox 614 1638 651 1692; x_wconf 89' lang='lat' dir='ltr'><strong>sit</strong></span> 
     </span>
     <span class='ocr_line' id='line_1_21' title="bbox 63 1705 649 1833; baseline 0.005 -74"><span class='ocrx_word' id='word_1_117' title='bbox 63 1719 143 1833; x_wconf 64' lang='lat' dir='ltr'><strong>imm</strong></span> <span class='ocrx_word' id='word_1_118' title='bbox 170 1705 326 1760; x_wconf 81' lang='lat' dir='ltr'><strong>visionibus</strong></span> <span class='ocrx_word' id='word_1_119' title='bbox 341 1709 378 1761; x_wconf 90' lang='lat' dir='ltr'><strong>·et</strong></span> <span class='ocrx_word' id='word_1_120' title='bbox 402 1706 584 1761; x_wconf 89' lang='lat' dir='ltr'><strong>seiitimenlis</strong></span> <span class='ocrx_word' id='word_1_121' title='bbox 605 1711 649 1762; x_wconf 91' lang='lat' dir='ltr'><strong>ta·</strong></span> 
     </span>
     <span class='ocr_line' id='line_1_22' title="bbox 76 1781 650 1847; baseline 0.007 -16"><span class='ocrx_word' id='word_1_122' title='bbox 76 1791 135 1832; x_wconf 91' lang='lat' dir='ltr'><strong>inin</strong></span> <span class='ocrx_word' id='word_1_123' title='bbox 154 1791 338 1847; x_wconf 89' lang='lat' dir='ltr'><strong>personarum</strong></span> <span class='ocrx_word' id='word_1_124' title='bbox 359 1781 533 1846; x_wconf 87' lang='lat' dir='ltr'><strong>consentire,</strong></span> <span class='ocrx_word' id='word_1_125' title='bbox 552 1784 650 1836; x_wconf 92' lang='lat' dir='ltr'><strong>tamen</strong></span> 
     </span>
     <span class='ocr_line' id='line_1_23' title="bbox 64 1847 648 1920; baseline 0 -16"><span class='ocrx_word' id='word_1_126' title='bbox 64 1863 197 1905; x_wconf 90' lang='lat' dir='ltr'><strong>securum</strong></span> <span class='ocrx_word' id='word_1_127' title='bbox 216 1853 269 1916; x_wconf 87' lang='lat' dir='ltr'><strong>est,</strong></span> <span class='ocrx_word' id='word_1_128' title='bbox 286 1862 342 1903; x_wconf 92' lang='lat' dir='ltr'><strong>non</strong></span> <span class='ocrx_word' id='word_1_129' title='bbox 357 1847 482 1904; x_wconf 83' lang='lat' dir='ltr'><strong>totaliter</strong></span> <span class='ocrx_word' id='word_1_130' title='bbox 497 1864 548 1920; x_wconf 88' lang='lat' dir='ltr'><strong>per</strong></span> <span class='ocrx_word' id='word_1_131' title='bbox 562 1849 648 1906; x_wconf 87' lang='lat' dir='ltr'><strong>ratio-</strong></span> 
     </span>
     <span class='ocr_line' id='line_1_24' title="bbox 62 1918 650 1987; baseline 0 -10"><span class='ocrx_word' id='word_1_132' title='bbox 62 1935 130 1977; x_wconf 84' lang='lat' dir='ltr'><strong>nom</strong></span> <span class='ocrx_word' id='word_1_133' title='bbox 151 1918 306 1975; x_wconf 75' lang='lat' dir='ltr'><strong>veridicam</strong></span> <span class='ocrx_word' id='word_1_134' title='bbox 329 1920 370 1974; x_wconf 90' lang='lat' dir='ltr'><strong>eis</strong></span> <span class='ocrx_word' id='word_1_135' title='bbox 390 1922 521 1987; x_wconf 85' lang='lat' dir='ltr'><strong>credere;</strong></span> <span class='ocrx_word' id='word_1_136' title='bbox 540 1923 588 1976; x_wconf 90' lang='lat' dir='ltr'><strong>sed</strong></span> <span class='ocrx_word' id='word_1_137' title='bbox 606 1937 650 1977; x_wconf 92' lang='lat' dir='ltr'><strong>so-</strong></span> 
     </span>
     <span class='ocr_line' id='line_1_25' title="bbox 62 1989 650 2061; baseline 0.002 -14"><span class='ocrx_word' id='word_1_138' title='bbox 62 1991 134 2059; x_wconf 83' lang='lat' dir='ltr'><strong>lum,</strong></span> <span class='ocrx_word' id='word_1_139' title='bbox 146 1989 212 2061; x_wconf 83' lang='lat' dir='ltr'><strong>quia</strong></span> <span class='ocrx_word' id='word_1_140' title='bbox 222 1990 396 2047; x_wconf 90' lang='lat' dir='ltr'><strong>concordant</strong></span> <span class='ocrx_word' id='word_1_141' title='bbox 406 2006 469 2046; x_wconf 93' lang='lat' dir='ltr'><strong>cum</strong></span> <span class='ocrx_word' id='word_1_142' title='bbox 485 1991 540 2047; x_wconf 83' lang='lat' dir='ltr'><strong>lide</strong></span> <span class='ocrx_word' id='word_1_143' title='bbox 554 1993 650 2048; x_wconf 87' lang='lat' dir='ltr'><strong>calho-</strong></span> 
     </span>
     <span class='ocr_line' id='line_1_26' title="bbox 61 2061 649 2129; baseline 0.003 -10"><span class='ocrx_word' id='word_1_144' title='bbox 61 2061 117 2119; x_wconf 91' lang='lat' dir='ltr'><strong>lica</strong></span> <span class='ocrx_word' id='word_1_145' title='bbox 132 2066 161 2119; x_wconf 92' lang='lat' dir='ltr'><strong>et</strong></span> <span class='ocrx_word' id='word_1_146' title='bbox 178 2063 262 2119; x_wconf 89' lang='lat' dir='ltr'><strong>Sacra</strong></span> <span class='ocrx_word' id='word_1_147' title='bbox 275 2061 431 2129; x_wconf 85' lang='lat' dir='ltr'><strong>Scriptura,</strong></span> <span class='ocrx_word' id='word_1_148' title='bbox 447 2078 479 2118; x_wconf 89' lang='lat' dir='ltr'><strong>ac</strong></span> <span class='ocrx_word' id='word_1_149' title='bbox 495 2061 576 2119; x_wconf 90' lang='lat' dir='ltr'><strong>bonis</strong></span> <span class='ocrx_word' id='word_1_150' title='bbox 593 2080 649 2121; x_wconf 94' lang='lat' dir='ltr'><strong>mo·</strong></span> 
     </span>
     <span class='ocr_line' id='line_1_27' title="bbox 61 2135 650 2204; baseline 0 -12"><span class='ocrx_word' id='word_1_151' title='bbox 61 2135 145 2192; x_wconf 90' lang='lat' dir='ltr'><strong>ribus</strong></span> <span class='ocrx_word' id='word_1_152' title='bbox 160 2142 187 2191; x_wconf 93' lang='lat' dir='ltr'><strong>et</strong></span> <span class='ocrx_word' id='word_1_153' title='bbox 205 2137 262 2191; x_wconf 89' lang='lat' dir='ltr'><strong>vita</strong></span> <span class='ocrx_word' id='word_1_154' title='bbox 279 2139 307 2190; x_wconf 95' lang='lat' dir='ltr'><strong>et</strong></span> <span class='ocrx_word' id='word_1_155' title='bbox 319 2136 413 2190; x_wconf 83' lang='lat' dir='ltr'><strong>verbis</strong></span> <span class='ocrx_word' id='word_1_156' title='bbox 429 2135 608 2204; x_wconf 89' lang='lat' dir='ltr'><strong>Sanctorum,</strong></span> <span class='ocrx_word' id='word_1_157' title='bbox 622 2141 650 2192; x_wconf 90' lang='lat' dir='ltr'><strong>et</strong></span> 
     </span>
     <span class='ocr_line' id='line_1_28' title="bbox 61 2205 647 2278; baseline 0.002 -15"><span class='ocrx_word' id='word_1_158' title='bbox 61 2222 129 2263; x_wconf 91' lang='lat' dir='ltr'><strong>cuin</strong></span> <span class='ocrx_word' id='word_1_159' title='bbox 141 2205 251 2263; x_wconf 88' lang='lat' dir='ltr'><strong>ratione</strong></span> <span class='ocrx_word' id='word_1_160' title='bbox 266 2206 383 2262; x_wconf 87' lang='lat' dir='ltr'><strong>lundata</strong></span> <span class='ocrx_word' id='word_1_161' title='bbox 404 2222 489 2278; x_wconf 82' lang='lat' dir='ltr'><strong>supra</strong></span> <span class='ocrx_word' id='word_1_162' title='bbox 503 2207 647 2274; x_wconf 75' lang='lat' dir='ltr'><strong>praedicta.</strong></span> 
     </span>
     <span class='ocr_line' id='line_1_29' title="bbox 59 2278 648 2350; baseline 0.002 -14"><span class='ocrx_word' id='word_1_163' title='bbox 59 2307 97 2323; x_wconf 89' lang='lat'>-</span> <span class='ocrx_word' id='word_1_164' title='bbox 126 2278 285 2336; x_wconf 83' lang='lat' dir='ltr'><strong>Secundum</strong></span> <span class='ocrx_word' id='word_1_165' title='bbox 314 2278 469 2334; x_wconf 78' lang='lat' dir='ltr'><strong>remedium</strong></span> <span class='ocrx_word' id='word_1_166' title='bbox 498 2283 551 2346; x_wconf 82' lang='lat' dir='ltr'><strong>est,</strong></span> <span class='ocrx_word' id='word_1_167' title='bbox 573 2280 648 2350; x_wconf 94' lang='lat' dir='ltr'><strong>quod</strong></span> 
     </span>
     <span class='ocr_line' id='line_1_30' title="bbox 59 2349 648 2422; baseline 0 -15"><span class='ocrx_word' id='word_1_168' title='bbox 59 2349 171 2408; x_wconf 79' lang='lat' dir='ltr'><strong>nullom</strong></span> <span class='ocrx_word' id='word_1_169' title='bbox 200 2351 404 2421; x_wconf 71' lang='lat' dir='ltr'><strong>expositionem</strong></span> <span class='ocrx_word' id='word_1_170' title='bbox 433 2350 586 2422; x_wconf 76' lang='lat' dir='ltr'><strong>Sl&#39;l&#39;tpilll&#39;ae</strong></span> <span class='ocrx_word' id='word_1_171' title='bbox 620 2357 648 2409; x_wconf 96' lang='lat' dir='ltr'><strong>et</strong></span> 
     </span>
     <span class='ocr_line' id='line_1_31' title="bbox 59 2421 645 2492; baseline 0.003 -16"><span class='ocrx_word' id='word_1_172' title='bbox 59 2423 212 2480; x_wconf 87' lang='lat' dir='ltr'><strong>verborum</strong></span> <span class='ocrx_word' id='word_1_173' title='bbox 234 2423 403 2479; x_wconf 88' lang='lat' dir='ltr'><strong>Sanctorum</strong></span> <span class='ocrx_word' id='word_1_174' title='bbox 418 2422 487 2477; x_wconf 92' lang='lat' dir='ltr'><strong>velis</strong></span> <span class='ocrx_word' id='word_1_175' title='bbox 506 2421 645 2492; x_wconf 77' lang='lat' dir='ltr'><strong>accipere,</strong></span> 
     </span>
     <span class='ocr_line' id='line_1_32' title="bbox 60 2492 646 2565; baseline -0.003 -14"><span class='ocrx_word' id='word_1_176' title='bbox 60 2492 117 2551; x_wconf 89' lang='lat' dir='ltr'><strong>nisi</strong></span> <span class='ocrx_word' id='word_1_177' title='bbox 149 2495 301 2550; x_wconf 77' lang='lat' dir='ltr'><strong>concordet</strong></span> <span class='ocrx_word' id='word_1_178' title='bbox 324 2495 394 2551; x_wconf 80' lang='lat' dir='ltr'><strong>&#39;le-u</strong></span> <span class='ocrx_word' id='word_1_179' title='bbox 424 2492 526 2549; x_wconf 67' lang='lat' dir='ltr'><strong>Christi</strong></span> <span class='ocrx_word' id='word_1_180' title='bbox 562 2499 646 2565; x_wconf 88' lang='lat' dir='ltr'><strong>alque</strong></span> 
     </span>
     <span class='ocr_line' id='line_1_33' title="bbox 60 2564 647 2635; baseline -0.007 -11"><span class='ocrx_word' id='word_1_181' title='bbox 60 2566 229 2624; x_wconf 82' lang='lat' dir='ltr'><strong>Sanctorum</strong></span> <span class='ocrx_word' id='word_1_182' title='bbox 250 2572 332 2634; x_wconf 85' lang='lat' dir='ltr'><strong>vitae;</strong></span> <span class='ocrx_word' id='word_1_183' title='bbox 353 2564 428 2635; x_wconf 92' lang='lat' dir='ltr'><strong>quod</strong></span> <span class='ocrx_word' id='word_1_184' title='bbox 446 2570 539 2620; x_wconf 73' lang='lat' dir='ltr'><strong>tamon</strong></span> <span class='ocrx_word' id='word_1_185' title='bbox 569 2568 647 2621; x_wconf 88' lang='lat' dir='ltr'><strong>intel·</strong></span> 
     </span>
     <span class='ocr_line' id='line_1_34' title="bbox 58 2635 645 2709; baseline 0 -16"><span class='ocrx_word' id='word_1_186' title='bbox 58 2636 118 2705; x_wconf 75' lang='lat' dir='ltr'><strong>lige</strong></span> <span class='ocrx_word' id='word_1_187' title='bbox 139 2645 277 2709; x_wconf 83' lang='lat' dir='ltr'><strong>quantum</strong></span> <span class='ocrx_word' id='word_1_188' title='bbox 299 2637 335 2694; x_wconf 90' lang='lat' dir='ltr'><strong>ad</strong></span> <span class='ocrx_word' id='word_1_189' title='bbox 357 2637 421 2692; x_wconf 88' lang='lat' dir='ltr'><strong>illos</strong></span> <span class='ocrx_word' id='word_1_190' title='bbox 443 2635 525 2692; x_wconf 90' lang='lat' dir='ltr'><strong>nobis</strong></span> <span class='ocrx_word' id='word_1_191' title='bbox 544 2651 645 2708; x_wconf 90' lang='lat' dir='ltr'><strong>propo·</strong></span> 
     </span>
     <span class='ocr_line' id='line_1_35' title="bbox 58 2707 645 2778; baseline -0.002 -12"><span class='ocrx_word' id='word_1_192' title='bbox 58 2708 131 2766; x_wconf 87' lang='lat' dir='ltr'><strong>sitos</strong></span> <span class='ocrx_word' id='word_1_193' title='bbox 144 2708 181 2767; x_wconf 88' lang='lat' dir='ltr'><strong>ad</strong></span> <span class='ocrx_word' id='word_1_194' title='bbox 197 2707 363 2765; x_wconf 84' lang='lat' dir='ltr'><strong>imitandum</strong></span> <span class='ocrx_word' id='word_1_195' title='bbox 386 2724 443 2765; x_wconf 89' lang='lat' dir='ltr'><strong>non</strong></span> <span class='ocrx_word' id='word_1_196' title='bbox 454 2713 593 2778; x_wconf 88' lang='lat' dir='ltr'><strong>qnantum</strong></span> <span class='ocrx_word' id='word_1_197' title='bbox 609 2708 645 2765; x_wconf 89' lang='lat' dir='ltr'><strong>ad</strong></span> 
     </span>
     <span class='ocr_line' id='line_1_36' title="bbox 58 2779 645 2852; baseline 0 -15"><span class='ocrx_word' id='word_1_198' title='bbox 58 2779 229 2839; x_wconf 88' lang='lat' dir='ltr'><strong>imitandum</strong></span> <span class='ocrx_word' id='word_1_199' title='bbox 242 2779 425 2852; x_wconf 88' lang='lat' dir='ltr'><strong>privile.·iaet</strong></span> <span class='ocrx_word' id='word_1_200' title='bbox 434 2779 645 2852; x_wconf 63' lang='lat' dir='ltr'><strong>singulariteies</strong></span> 
     </span>
     <span class='ocr_line' id='line_1_37' title="bbox 58 2851 644 2923; baseline -0.003 -13"><span class='ocrx_word' id='word_1_201' title='bbox 58 2868 170 2911; x_wconf 89' lang='lat' dir='ltr'><strong>eorum.</strong></span> <span class='ocrx_word' id='word_1_202' title='bbox 182 2853 216 2908; x_wconf 84' lang='lat' dir='ltr'><strong>Et</strong></span> <span class='ocrx_word' id='word_1_203' title='bbox 229 2851 303 2909; x_wconf 91' lang='lat' dir='ltr'><strong>istud</strong></span> <span class='ocrx_word' id='word_1_204' title='bbox 314 2851 526 2908; x_wconf 85' lang='lat' dir='ltr'><strong>diciturcontia</strong></span> <span class='ocrx_word' id='word_1_205' title='bbox 535 2851 644 2923; x_wconf 88' lang='lat' dir='ltr'><strong>aliquos</strong></span> 
     </span>
     <span class='ocr_line' id='line_1_38' title="bbox 57 2923 643 2996; baseline -0.005 -14"><span class='ocrx_word' id='word_1_206' title='bbox 57 2924 175 2982; x_wconf 90' lang='lat' dir='ltr'><strong>nuntios</strong></span> <span class='ocrx_word' id='word_1_207' title='bbox 203 2941 252 2980; x_wconf 89' lang='lat' dir='ltr'><strong>seu</strong></span> <span class='ocrx_word' id='word_1_208' title='bbox 276 2923 429 2996; x_wconf 85' lang='lat' dir='ltr'><strong>discipulos</strong></span> <span class='ocrx_word' id='word_1_209' title='bbox 457 2923 643 2994; x_wconf 77' lang='lat' dir='ltr'><strong>Antichrisli‚</strong></span> 
     </span>
     <span class='ocr_line' id='line_1_39' title="bbox 57 2995 644 3069; baseline 0 -16"><span class='ocrx_word' id='word_1_210' title='bbox 57 2995 108 3068; x_wconf 91' lang='lat' dir='ltr'><strong>qui</strong></span> <span class='ocrx_word' id='word_1_211' title='bbox 124 2995 244 3069; x_wconf 84' lang='lat' dir='ltr'><strong>palliant</strong></span> <span class='ocrx_word' id='word_1_212' title='bbox 263 3001 292 3053; x_wconf 91' lang='lat' dir='ltr'><strong>et</strong></span> <span class='ocrx_word' id='word_1_213' title='bbox 310 2996 466 3065; x_wconf 77' lang='lat' dir='ltr'><strong>detendunt</strong></span> <span class='ocrx_word' id='word_1_214' title='bbox 480 3010 546 3052; x_wconf 84' lang='lat' dir='ltr'><strong>suos</strong></span> <span class='ocrx_word' id='word_1_215' title='bbox 563 3011 644 3053; x_wconf 91' lang='lat' dir='ltr'><strong>erro·</strong></span> 
     </span>
     <span class='ocr_line' id='line_1_40' title="bbox 57 3066 641 3138; baseline -0.007 -12"><span class='ocrx_word' id='word_1_216' title='bbox 57 3082 106 3126; x_wconf 82' lang='lat' dir='ltr'><strong>res</strong></span> <span class='ocrx_word' id='word_1_217' title='bbox 134 3073 164 3125; x_wconf 82' lang='lat' dir='ltr'><strong>et</strong></span> <span class='ocrx_word' id='word_1_218' title='bbox 191 3067 361 3138; x_wconf 86' lang='lat' dir='ltr'><strong>periculosos</strong></span> <span class='ocrx_word' id='word_1_219' title='bbox 389 3067 489 3123; x_wconf 89' lang='lat' dir='ltr'><strong>modos</strong></span> <span class='ocrx_word' id='word_1_220' title='bbox 518 3066 641 3136; x_wconf 82' lang='lat' dir='ltr'><strong>vivendi,</strong></span> 
     </span>
     <span class='ocr_line' id='line_1_41' title="bbox 56 3137 643 3213; baseline -0.005 -15"><span class='ocrx_word' id='word_1_221' title='bbox 56 3139 226 3213; x_wconf 88' lang='lat' dir='ltr'><strong>exponendo</strong></span> <span class='ocrx_word' id='word_1_222' title='bbox 236 3141 351 3197; x_wconf 80' lang='lat' dir='ltr'><strong>Sacram</strong></span> <span class='ocrx_word' id='word_1_223' title='bbox 362 3137 643 3210; x_wconf 88' lang='lat' dir='ltr'><strong>Scripturamsecnn·</strong></span> 
     </span>
     <span class='ocr_line' id='line_1_42' title="bbox 57 3209 641 3285; baseline -0.005 -16"><span class='ocrx_word' id='word_1_224' title='bbox 57 3211 128 3269; x_wconf 93' lang='lat' dir='ltr'><strong>duin</strong></span> <span class='ocrx_word' id='word_1_225' title='bbox 152 3226 252 3268; x_wconf 87' lang='lat' dir='ltr'><strong>eorum</strong></span> <span class='ocrx_word' id='word_1_226' title='bbox 277 3210 422 3285; x_wconf 81' lang='lat' dir='ltr'><strong>propriam</strong></span> <span class='ocrx_word' id='word_1_227' title='bbox 448 3209 641 3278; x_wconf 80' lang='lat' dir='ltr'><strong>allectionem,</strong></span> 
     </span>
     <span class='ocr_line' id='line_1_43' title="bbox 56 3281 642 3365; baseline -0.005 -25"><span class='ocrx_word' id='word_1_228' title='bbox 56 3282 195 3341; x_wconf 82' lang='lat' dir='ltr'><strong>ducentes</strong></span> <span class='ocrx_word' id='word_1_229' title='bbox 218 3282 247 3340; x_wconf 92' lang='lat' dir='ltr'><strong>in</strong></span> <span class='ocrx_word' id='word_1_230' title='bbox 276 3282 437 3365; x_wconf 86' lang='lat' dir='ltr'><strong>exemplum</strong></span> <span class='ocrx_word' id='word_1_231' title='bbox 464 3281 575 3354; x_wconf 89' lang='lat' dir='ltr'><strong>aliquos</strong></span> <span class='ocrx_word' id='word_1_232' title='bbox 598 3298 642 3337; x_wconf 86' lang='lat' dir='ltr'><strong>ex·</strong></span> 
     </span>
     <span class='ocr_line' id='line_1_44' title="bbox 56 3351 640 3427; baseline -0.003 -14"><span class='ocrx_word' id='word_1_233' title='bbox 56 3370 157 3413; x_wconf 86' lang='lat' dir='ltr'><strong>cessus</strong></span> <span class='ocrx_word' id='word_1_234' title='bbox 175 3359 203 3413; x_wconf 88' lang='lat' dir='ltr'><strong>et</strong></span> <span class='ocrx_word' id='word_1_235' title='bbox 224 3354 448 3427; x_wconf 68' lang='lat' dir='ltr'><strong>singularitates,</strong></span> <span class='ocrx_word' id='word_1_236' title='bbox 467 3370 537 3424; x_wconf 91' lang='lat' dir='ltr'><strong>quas</strong></span> <span class='ocrx_word' id='word_1_237' title='bbox 554 3351 640 3424; x_wconf 84' lang='lat' dir='ltr'><strong>aliqui</strong></span> 
     </span>
     <span class='ocr_line' id='line_1_45' title="bbox 56 3424 641 3496; baseline -0.005 -12"><span class='ocrx_word' id='word_1_238' title='bbox 56 3425 154 3485; x_wconf 86' lang='lat' dir='ltr'><strong>Sancti</strong></span> <span class='ocrx_word' id='word_1_239' title='bbox 184 3426 320 3496; x_wconf 84' lang='lat' dir='ltr'><strong>lecerunt.</strong></span> <span class='ocrx_word' id='word_1_240' title='bbox 341 3458 375 3468; x_wconf 96' lang='lat'><em>-</em></span> <span class='ocrx_word' id='word_1_241' title='bbox 399 3424 526 3484; x_wconf 87' lang='lat' dir='ltr'><strong>Tertium</strong></span> <span class='ocrx_word' id='word_1_242' title='bbox 552 3441 641 3482; x_wconf 90' lang='lat' dir='ltr'><strong>reme·</strong></span> 
     </span>
     <span class='ocr_line' id='line_1_46' title="bbox 54 3497 640 3570; baseline -0.003 -15"><span class='ocrx_word' id='word_1_243' title='bbox 54 3497 202 3560; x_wconf 80' lang='lat' dir='ltr'><strong>diiimest.</strong></span> <span class='ocrx_word' id='word_1_244' title='bbox 220 3497 335 3570; x_wconf 91' lang='lat' dir='ltr'><strong>quodsi</strong></span> <span class='ocrx_word' id='word_1_245' title='bbox 355 3513 407 3570; x_wconf 91' lang='lat' dir='ltr'><strong>per</strong></span> <span class='ocrx_word' id='word_1_246' title='bbox 424 3497 640 3566; x_wconf 83' lang='lat' dir='ltr'><strong>revelationem,</strong></span> 
     </span>
     <span class='ocr_line' id='line_1_47' title="bbox 53 3569 638 3642; baseline 0 -17"><span class='ocrx_word' id='word_1_247' title='bbox 53 3570 98 3627; x_wconf 92' lang='lat' dir='ltr'><strong>vel</strong></span> <span class='ocrx_word' id='word_1_248' title='bbox 111 3575 328 3628; x_wconf 87' lang='lat' dir='ltr'><strong>sentimentnm.</strong></span> <span class='ocrx_word' id='word_1_249' title='bbox 344 3571 388 3627; x_wconf 94' lang='lat' dir='ltr'><strong>vel</strong></span> <span class='ocrx_word' id='word_1_250' title='bbox 403 3585 454 3642; x_wconf 91' lang='lat' dir='ltr'><strong>per</strong></span> <span class='ocrx_word' id='word_1_251' title='bbox 468 3569 555 3626; x_wconf 67' lang='lat' dir='ltr'><strong>alium</strong></span> <span class='ocrx_word' id='word_1_252' title='bbox 577 3585 638 3625; x_wconf 91' lang='lat' dir='ltr'><strong>mo·</strong></span> 
     </span>
     <span class='ocr_line' id='line_1_48' title="bbox 54 3640 640 3699; baseline -0.003 -1"><span class='ocrx_word' id='word_1_253' title='bbox 54 3641 123 3699; x_wconf 90' lang='lat' dir='ltr'><strong>duni</strong></span> <span class='ocrx_word' id='word_1_254' title='bbox 145 3647 291 3699; x_wconf 89' lang='lat' dir='ltr'><strong>cortuum</strong></span> <span class='ocrx_word' id='word_1_255' title='bbox 307 3648 454 3699; x_wconf 82' lang='lat' dir='ltr'><strong>moveatur</strong></span> <span class='ocrx_word' id='word_1_256' title='bbox 476 3644 512 3698; x_wconf 87' lang='lat' dir='ltr'><strong>ad</strong></span> <span class='ocrx_word' id='word_1_257' title='bbox 534 3640 640 3698; x_wconf 85' lang='lat' dir='ltr'><strong>lacien-</strong></span> 
     </span>
     <span class='ocr_line' id='line_1_49' title="bbox 54 3712 642 3842; baseline -0.007 -71"><span class='ocrx_word' id='word_1_258' title='bbox 54 3714 123 3771; x_wconf 89' lang='lat' dir='ltr'><strong>dum</strong></span> <span class='ocrx_word' id='word_1_259' title='bbox 138 3712 253 3785; x_wconf 87' lang='lat' dir='ltr'><strong>aliquod</strong></span> <span class='ocrx_word' id='word_1_260' title='bbox 275 3729 356 3842; x_wconf 59' lang='lat' dir='ltr'><strong>ogns,</strong></span> <span class='ocrx_word' id='word_1_261' title='bbox 374 3720 402 3770; x_wconf 95' lang='lat' dir='ltr'><strong>et</strong></span> <span class='ocrx_word' id='word_1_262' title='bbox 426 3712 547 3793; x_wconf 82' lang='lat' dir='ltr'><strong>maxime</strong></span> <span class='ocrx_word' id='word_1_263' title='bbox 572 3728 642 3784; x_wconf 90' lang='lat' dir='ltr'><strong>opus</strong></span> 
     </span>
     <span class='ocr_line' id='line_1_50' title="bbox 54 3785 641 3855; baseline -0.002 -16"><span class='ocrx_word' id='word_1_264' title='bbox 54 3800 143 3855; x_wconf 86' lang='lat' dir='ltr'><strong>grave</strong></span> <span class='ocrx_word' id='word_1_265' title='bbox 159 3785 203 3841; x_wconf 85' lang='lat' dir='ltr'><strong>vel</strong></span> <span class='ocrx_word' id='word_1_266' title='bbox 227 3791 294 3843; x_wconf 88' lang='lat' dir='ltr'><strong>note</strong></span> <span class='ocrx_word' id='word_1_267' title='bbox 314 3785 362 3854; x_wconf 87' lang='lat' dir='ltr'><strong>ile,</strong></span> <span class='ocrx_word' id='word_1_268' title='bbox 380 3790 409 3841; x_wconf 91' lang='lat' dir='ltr'><strong>et</strong></span> <span class='ocrx_word' id='word_1_269' title='bbox 434 3800 491 3840; x_wconf 94' lang='lat' dir='ltr'><strong>non</strong></span> <span class='ocrx_word' id='word_1_270' title='bbox 508 3785 559 3840; x_wconf 91' lang='lat' dir='ltr'><strong>tibi</strong></span> <span class='ocrx_word' id='word_1_271' title='bbox 576 3799 641 3840; x_wconf 87' lang='lat' dir='ltr'><strong>con-</strong></span> 
     </span>
     <span class='ocr_line' id='line_1_51' title="bbox 54 3853 639 3928; baseline -0.007 -14"><span class='ocrx_word' id='word_1_272' title='bbox 54 3860 181 3926; x_wconf 84' lang='lat' dir='ltr'><strong>suetum,</strong></span> <span class='ocrx_word' id='word_1_273' title='bbox 196 3856 231 3914; x_wconf 88' lang='lat' dir='ltr'><strong>de</strong></span> <span class='ocrx_word' id='word_1_274' title='bbox 254 3872 311 3928; x_wconf 90' lang='lat' dir='ltr'><strong>quo</strong></span> <span class='ocrx_word' id='word_1_275' title='bbox 325 3872 383 3913; x_wconf 91' lang='lat' dir='ltr'><strong>non</strong></span> <span class='ocrx_word' id='word_1_276' title='bbox 402 3855 508 3911; x_wconf 86' lang='lat' dir='ltr'><strong>habeas</strong></span> <span class='ocrx_word' id='word_1_277' title='bbox 523 3853 639 3910; x_wconf 83' lang='lat' dir='ltr'><strong>certitu-</strong></span> 
     </span>
     <span class='ocr_line' id='line_1_52' title="bbox 53 3925 639 4000; baseline -0.007 -15"><span class='ocrx_word' id='word_1_278' title='bbox 53 3928 150 3986; x_wconf 89' lang='lat' dir='ltr'><strong>dineni</strong></span> <span class='ocrx_word' id='word_1_279' title='bbox 165 3944 202 3985; x_wconf 90' lang='lat' dir='ltr'><strong>ao</strong></span> <span class='ocrx_word' id='word_1_280' title='bbox 223 3929 281 3985; x_wconf 77' lang='lat' dir='ltr'><strong>Deo</strong></span> <span class='ocrx_word' id='word_1_281' title='bbox 300 3929 421 4000; x_wconf 85' lang='lat' dir='ltr'><strong>placeat,</strong></span> <span class='ocrx_word' id='word_1_282' title='bbox 437 3929 493 3983; x_wconf 88' lang='lat' dir='ltr'><strong>imo</strong></span> <span class='ocrx_word' id='word_1_283' title='bbox 508 3929 537 3982; x_wconf 88' lang='lat' dir='ltr'><strong>et</strong></span> <span class='ocrx_word' id='word_1_284' title='bbox 551 3925 639 3981; x_wconf 89' lang='lat' dir='ltr'><strong>retio-</strong></span> 
     </span>
    </p>
   </div>
   <div class='ocr_carea' id='block_1_6' title="bbox 696 555 1296 3421">
    <p class='ocr_par' dir='ltr' id='par_1_6' title="bbox 702 555 1296 2189">
     <span class='ocr_line' id='line_1_53' title="bbox 714 555 1295 628; baseline 0.009 -18"><span class='ocrx_word' id='word_1_285' title='bbox 714 572 763 621; x_wconf 70' lang='lat' dir='ltr'><strong>rae,</strong></span> <span class='ocrx_word' id='word_1_286' title='bbox 791 556 835 614; x_wconf 91' lang='lat' dir='ltr'><strong>vel</strong></span> <span class='ocrx_word' id='word_1_287' title='bbox 860 572 911 627; x_wconf 89' lang='lat' dir='ltr'><strong>per</strong></span> <span class='ocrx_word' id='word_1_288' title='bbox 936 555 1096 628; x_wconf 78' lang='lat' dir='ltr'><strong>exemplum</strong></span> <span class='ocrx_word' id='word_1_289' title='bbox 1125 558 1295 615; x_wconf 84' lang='lat' dir='ltr'><strong>Sanctorum</strong></span> 
     </span>
     <span class='ocr_line' id='line_1_54' title="bbox 714 627 1296 688; baseline 0.007 -6"><span class='ocrx_word' id='word_1_290' title='bbox 714 629 827 684; x_wconf 84' lang='lat' dir='ltr'><strong>Patroni</strong></span> <span class='ocrx_word' id='word_1_291' title='bbox 844 627 990 684; x_wconf 87' lang='lat' dir='ltr'><strong>imitabile.</strong></span> <span class='ocrx_word' id='word_1_292' title='bbox 1003 629 1036 683; x_wconf 85' lang='lat' dir='ltr'><strong>Et</strong></span> <span class='ocrx_word' id='word_1_293' title='bbox 1048 628 1238 685; x_wconf 89' lang='lat' dir='ltr'><strong>benedictum</strong></span> <span class='ocrx_word' id='word_1_294' title='bbox 1252 635 1296 688; x_wconf 92' lang='lat' dir='ltr'><strong>est</strong></span> 
     </span>
     <span class='ocr_line' id='line_1_55' title="bbox 712 699 1294 769; baseline 0.005 -14"><span class='ocrx_word' id='word_1_295' title='bbox 712 699 857 760; x_wconf 75' lang='lat' dir='ltr'><strong>imitabile.</strong></span> <span class='ocrx_word' id='word_1_296' title='bbox 867 715 943 769; x_wconf 74' lang='lat' dir='ltr'><strong>quio.</strong></span> <span class='ocrx_word' id='word_1_297' title='bbox 953 702 1107 756; x_wconf 85' lang='lat' dir='ltr'><strong>secundum</strong></span> <span class='ocrx_word' id='word_1_298' title='bbox 1122 700 1294 769; x_wconf 77' lang='lat' dir='ltr'><strong>(liopertum,</strong></span> 
     </span>
     <span class='ocr_line' id='line_1_56' title="bbox 711 770 1294 844; baseline 0.01 -18"><span class='ocrx_word' id='word_1_299' title='bbox 711 770 798 844; x_wconf 88' lang='lat' dir='ltr'><strong>aliqui</strong></span> <span class='ocrx_word' id='word_1_300' title='bbox 819 773 911 828; x_wconf 82' lang='lat' dir='ltr'><strong>Sancti</strong></span> <span class='ocrx_word' id='word_1_301' title='bbox 935 770 1065 827; x_wconf 87' lang='lat' dir='ltr'><strong>iecerunt</strong></span> <span class='ocrx_word' id='word_1_302' title='bbox 1081 770 1178 842; x_wconf 90' lang='lat' dir='ltr'><strong>aliqua</strong></span> <span class='ocrx_word' id='word_1_303' title='bbox 1196 790 1294 844; x_wconf 81' lang='lat' dir='ltr'><strong>opera,</strong></span> 
     </span>
     <span class='ocr_line' id='line_1_57' title="bbox 711 841 1295 915; baseline 0.007 -17"><span class='ocrx_word' id='word_1_304' title='bbox 711 841 739 898; x_wconf 91' lang='lat' dir='ltr'><strong>in</strong></span> <span class='ocrx_word' id='word_1_305' title='bbox 760 842 862 913; x_wconf 92' lang='lat' dir='ltr'><strong>quibus</strong></span> <span class='ocrx_word' id='word_1_306' title='bbox 884 858 940 898; x_wconf 92' lang='lat' dir='ltr'><strong>non</strong></span> <span class='ocrx_word' id='word_1_307' title='bbox 961 843 1097 900; x_wconf 74' lang='lat' dir='ltr'><strong>debemus</strong></span> <span class='ocrx_word' id='word_1_308' title='bbox 1111 859 1160 900; x_wconf 76' lang='lat' dir='ltr'><strong>eos</strong></span> <span class='ocrx_word' id='word_1_309' title='bbox 1179 844 1295 915; x_wconf 84' lang='lat' dir='ltr'><strong>imitari,</strong></span> 
     </span>
     <span class='ocr_line' id='line_1_58' title="bbox 710 914 1294 987; baseline 0.007 -16"><span class='ocrx_word' id='word_1_310' title='bbox 710 915 839 987; x_wconf 89' lang='lat' dir='ltr'><strong>quamvis</strong></span> <span class='ocrx_word' id='word_1_311' title='bbox 853 920 946 971; x_wconf 68' lang='lat' dir='ltr'><strong>essent</strong></span> <span class='ocrx_word' id='word_1_312' title='bbox 961 914 989 970; x_wconf 91' lang='lat' dir='ltr'><strong>io</strong></span> <span class='ocrx_word' id='word_1_313' title='bbox 1006 915 1047 970; x_wconf 90' lang='lat' dir='ltr'><strong>eis</strong></span> <span class='ocrx_word' id='word_1_314' title='bbox 1064 915 1155 983; x_wconf 83' lang='lat' dir='ltr'><strong>bona;</strong></span> <span class='ocrx_word' id='word_1_315' title='bbox 1173 920 1221 973; x_wconf 81' lang='lat' dir='ltr'><strong>sed</strong></span> <span class='ocrx_word' id='word_1_316' title='bbox 1238 918 1294 974; x_wconf 91' lang='lat' dir='ltr'><strong>de-</strong></span> 
     </span>
     <span class='ocr_line' id='line_1_59' title="bbox 710 986 1294 1051; baseline 0.005 -7"><span class='ocrx_word' id='word_1_317' title='bbox 710 989 810 1044; x_wconf 85' lang='lat' dir='ltr'><strong>bemus</strong></span> <span class='ocrx_word' id='word_1_318' title='bbox 823 1004 857 1043; x_wconf 87' lang='lat' dir='ltr'><strong>ca</strong></span> <span class='ocrx_word' id='word_1_319' title='bbox 870 987 974 1042; x_wconf 88' lang='lat' dir='ltr'><strong>babere</strong></span> <span class='ocrx_word' id='word_1_320' title='bbox 987 986 1016 1042; x_wconf 92' lang='lat' dir='ltr'><strong>in</strong></span> <span class='ocrx_word' id='word_1_321' title='bbox 1031 987 1201 1043; x_wconf 86' lang='lat' dir='ltr'><strong>reverentia.</strong></span> <span class='ocrx_word' id='word_1_322' title='bbox 1211 990 1256 1051; x_wconf 86' lang='lat' dir='ltr'><strong>Et.</strong></span> <span class='ocrx_word' id='word_1_323' title='bbox 1269 988 1294 1047; x_wconf 90' lang='lat' dir='ltr'><strong>si</strong></span> 
     </span>
     <span class='ocr_line' id='line_1_60' title="bbox 709 1057 1295 1130; baseline 0.012 -18"><span class='ocrx_word' id='word_1_324' title='bbox 709 1075 759 1130; x_wconf 79' lang='lat' dir='ltr'><strong>por</strong></span> <span class='ocrx_word' id='word_1_325' title='bbox 775 1059 895 1130; x_wconf 77' lang='lat' dir='ltr'><strong>teipsum</strong></span> <span class='ocrx_word' id='word_1_326' title='bbox 916 1075 971 1114; x_wconf 89' lang='lat' dir='ltr'><strong>ooii</strong></span> <span class='ocrx_word' id='word_1_327' title='bbox 992 1061 1073 1130; x_wconf 89' lang='lat' dir='ltr'><strong>poles</strong></span> <span class='ocrx_word' id='word_1_328' title='bbox 1088 1057 1185 1116; x_wconf 83' lang='lat' dir='ltr'><strong>venire</strong></span> <span class='ocrx_word' id='word_1_329' title='bbox 1202 1059 1232 1115; x_wconf 89' lang='lat' dir='ltr'><strong>in</strong></span> <span class='ocrx_word' id='word_1_330' title='bbox 1247 1077 1295 1119; x_wconf 93' lang='lat' dir='ltr'><strong>no·</strong></span> 
     </span>
     <span class='ocr_line' id='line_1_61' title="bbox 709 1130 1294 1202; baseline 0.01 -18"><span class='ocrx_word' id='word_1_331' title='bbox 709 1131 799 1188; x_wconf 88' lang='lat' dir='ltr'><strong>titiam</strong></span> <span class='ocrx_word' id='word_1_332' title='bbox 815 1147 851 1186; x_wconf 89' lang='lat' dir='ltr'><strong>an</strong></span> <span class='ocrx_word' id='word_1_333' title='bbox 873 1131 930 1187; x_wconf 88' lang='lat' dir='ltr'><strong>Deo</strong></span> <span class='ocrx_word' id='word_1_334' title='bbox 952 1130 1063 1202; x_wconf 89' lang='lat' dir='ltr'><strong>placeat</strong></span> <span class='ocrx_word' id='word_1_335' title='bbox 1079 1131 1120 1186; x_wconf 90' lang='lat' dir='ltr'><strong>vel</strong></span> <span class='ocrx_word' id='word_1_336' title='bbox 1138 1147 1206 1199; x_wconf 90' lang='lat' dir='ltr'><strong>non,</strong></span> <span class='ocrx_word' id='word_1_337' title='bbox 1223 1130 1294 1190; x_wconf 93' lang='lat' dir='ltr'><strong>illud</strong></span> 
     </span>
     <span class='ocr_line' id='line_1_62' title="bbox 708 1202 1295 1275; baseline 0.005 -17"><span class='ocrx_word' id='word_1_338' title='bbox 708 1202 784 1260; x_wconf 84' lang='lat' dir='ltr'><strong>circa</strong></span> <span class='ocrx_word' id='word_1_339' title='bbox 805 1203 882 1275; x_wconf 93' lang='lat' dir='ltr'><strong>quod</strong></span> <span class='ocrx_word' id='word_1_340' title='bbox 907 1202 1065 1258; x_wconf 85' lang='lat' dir='ltr'><strong>laciendum</strong></span> <span class='ocrx_word' id='word_1_341' title='bbox 1090 1208 1220 1259; x_wconf 90' lang='lat' dir='ltr'><strong>movetur</strong></span> <span class='ocrx_word' id='word_1_342' title='bbox 1244 1219 1295 1261; x_wconf 92' lang='lat' dir='ltr'><strong>cor</strong></span> 
     </span>
     <span class='ocr_line' id='line_1_63' title="bbox 707 1273 1293 1346; baseline 0.005 -18"><span class='ocrx_word' id='word_1_343' title='bbox 707 1283 797 1343; x_wconf 86' lang='lat' dir='ltr'><strong>tuum,</strong></span> <span class='ocrx_word' id='word_1_344' title='bbox 815 1279 893 1344; x_wconf 87' lang='lat' dir='ltr'><strong>petas</strong></span> <span class='ocrx_word' id='word_1_345' title='bbox 906 1273 1055 1330; x_wconf 75' lang='lat' dir='ltr'><strong>con-ilium</strong></span> <span class='ocrx_word' id='word_1_346' title='bbox 1065 1289 1083 1330; x_wconf 91' lang='lat' dir='ltr'><strong>a</strong></span> <span class='ocrx_word' id='word_1_347' title='bbox 1093 1273 1220 1345; x_wconf 89' lang='lat' dir='ltr'><strong>probatis</strong></span> <span class='ocrx_word' id='word_1_348' title='bbox 1230 1291 1293 1346; x_wconf 91' lang='lat' dir='ltr'><strong>per·</strong></span> 
     </span>
     <span class='ocr_line' id='line_1_64' title="bbox 707 1344 1292 1406; baseline 0.007 -5"><span class='ocrx_word' id='word_1_349' title='bbox 707 1346 783 1402; x_wconf 82' lang='lat' dir='ltr'><strong>sonis</strong></span> <span class='ocrx_word' id='word_1_350' title='bbox 799 1346 827 1403; x_wconf 90' lang='lat' dir='ltr'><strong>in</strong></span> <span class='ocrx_word' id='word_1_351' title='bbox 846 1344 904 1402; x_wconf 90' lang='lat' dir='ltr'><strong>vita</strong></span> <span class='ocrx_word' id='word_1_352' title='bbox 929 1350 959 1401; x_wconf 92' lang='lat' dir='ltr'><strong>et</strong></span> <span class='ocrx_word' id='word_1_353' title='bbox 982 1345 1111 1402; x_wconf 87' lang='lat' dir='ltr'><strong>doctrina</strong></span> <span class='ocrx_word' id='word_1_354' title='bbox 1127 1352 1156 1402; x_wconf 92' lang='lat' dir='ltr'><strong>et</strong></span> <span class='ocrx_word' id='word_1_355' title='bbox 1172 1346 1292 1406; x_wconf 91' lang='lat' dir='ltr'><strong>consilio</strong></span> 
     </span>
     <span class='ocr_line' id='line_1_65' title="bbox 707 1416 1291 1485; baseline 0.007 -14"><span class='ocrx_word' id='word_1_356' title='bbox 707 1417 842 1475; x_wconf 87' lang='lat' dir='ltr'><strong>veritatis.</strong></span> <span class='ocrx_word' id='word_1_357' title='bbox 860 1449 894 1458; x_wconf 98' lang='lat'><em>-</em></span> <span class='ocrx_word' id='word_1_358' title='bbox 913 1418 1049 1485; x_wconf 88' lang='lat' dir='ltr'><strong>Quartum</strong></span> <span class='ocrx_word' id='word_1_359' title='bbox 1066 1416 1222 1474; x_wconf 91' lang='lat' dir='ltr'><strong>remedium</strong></span> <span class='ocrx_word' id='word_1_360' title='bbox 1241 1423 1291 1485; x_wconf 86' lang='lat' dir='ltr'><strong>est,</strong></span> 
     </span>
     <span class='ocr_line' id='line_1_66' title="bbox 706 1487 1292 1561; baseline 0.003 -15"><span class='ocrx_word' id='word_1_361' title='bbox 706 1489 824 1560; x_wconf 92' lang='lat' dir='ltr'><strong>quodsi</strong></span> <span class='ocrx_word' id='word_1_362' title='bbox 846 1495 876 1544; x_wconf 92' lang='lat' dir='ltr'><strong>tu</strong></span> <span class='ocrx_word' id='word_1_363' title='bbox 903 1504 932 1545; x_wconf 82' lang='lat' dir='ltr'><strong>es</strong></span> <span class='ocrx_word' id='word_1_364' title='bbox 955 1487 1088 1545; x_wconf 91' lang='lat' dir='ltr'><strong>immunis</strong></span> <span class='ocrx_word' id='word_1_365' title='bbox 1108 1505 1126 1546; x_wconf 89' lang='lat' dir='ltr'><strong>a</strong></span> <span class='ocrx_word' id='word_1_366' title='bbox 1147 1489 1292 1561; x_wconf 77' lang='lat' dir='ltr'><strong>praedietis</strong></span> 
     </span>
     <span class='ocr_line' id='line_1_67' title="bbox 706 1559 1292 1634; baseline 0.007 -18"><span class='ocrx_word' id='word_1_367' title='bbox 706 1559 911 1618; x_wconf 90' lang='lat' dir='ltr'><strong>tentationibus</strong></span> <span class='ocrx_word' id='word_1_368' title='bbox 938 1559 978 1616; x_wconf 93' lang='lat' dir='ltr'><strong>sic</strong></span> <span class='ocrx_word' id='word_1_369' title='bbox 1004 1576 1012 1616; x_wconf 76' lang='grc' dir='ltr'>ι</span> <span class='ocrx_word' id='word_1_370' title='bbox 1038 1561 1113 1630; x_wconf 91' lang='lat' dir='ltr'><strong>quod</strong></span> <span class='ocrx_word' id='word_1_371' title='bbox 1136 1576 1292 1634; x_wconf 88' lang='lat' dir='ltr'><strong>numquam</strong></span> 
     </span>
     <span class='ocr_line' id='line_1_68' title="bbox 706 1632 1290 1716; baseline 0.007 -28"><span class='ocrx_word' id='word_1_372' title='bbox 706 1648 754 1689; x_wconf 90' lang='lat' dir='ltr'><strong>eas</strong></span> <span class='ocrx_word' id='word_1_373' title='bbox 780 1633 924 1700; x_wconf 77' lang='lat' dir='ltr'><strong>habueris,</strong></span> <span class='ocrx_word' id='word_1_374' title='bbox 950 1632 991 1688; x_wconf 91' lang='lat' dir='ltr'><strong>vel</strong></span> <span class='ocrx_word' id='word_1_375' title='bbox 1023 1636 1290 1716; x_wconf 87' lang='lat' dir='ltr'><strong>quantumcumque</strong></span> 
     </span>
     <span class='ocr_line' id='line_1_69' title="bbox 705 1702 1290 1777; baseline 0.005 -17"><span class='ocrx_word' id='word_1_376' title='bbox 705 1720 753 1760; x_wconf 83' lang='lat' dir='ltr'><strong>eas</strong></span> <span class='ocrx_word' id='word_1_377' title='bbox 775 1703 908 1761; x_wconf 80' lang='lat' dir='ltr'><strong>habueris</strong></span> <span class='ocrx_word' id='word_1_378' title='bbox 925 1702 1062 1760; x_wconf 85' lang='lat' dir='ltr'><strong>liberatus</strong></span> <span class='ocrx_word' id='word_1_379' title='bbox 1085 1703 1183 1773; x_wconf 80' lang='lat' dir='ltr'><strong>tueris,</strong></span> <span class='ocrx_word' id='word_1_380' title='bbox 1199 1704 1290 1777; x_wconf 82' lang='lat' dir='ltr'><strong>dirige</strong></span> 
     </span>
     <span class='ocr_line' id='line_1_70' title="bbox 704 1774 1291 1848; baseline 0.003 -17"><span class='ocrx_word' id='word_1_381' title='bbox 704 1792 754 1832; x_wconf 91' lang='lat' dir='ltr'><strong>cor</strong></span> <span class='ocrx_word' id='word_1_382' title='bbox 773 1782 801 1832; x_wconf 91' lang='lat' dir='ltr'><strong>et</strong></span> <span class='ocrx_word' id='word_1_383' title='bbox 819 1775 994 1832; x_wconf 86' lang='lat' dir='ltr'><strong>intellectum</strong></span> <span class='ocrx_word' id='word_1_384' title='bbox 1013 1774 1050 1832; x_wconf 89' lang='lat' dir='ltr'><strong>ad</strong></span> <span class='ocrx_word' id='word_1_385' title='bbox 1069 1775 1171 1844; x_wconf 83' lang='lat' dir='ltr'><strong>Deum,</strong></span> <span class='ocrx_word' id='word_1_386' title='bbox 1191 1793 1291 1848; x_wconf 89' lang='lat' dir='ltr'><strong>recog·</strong></span> 
     </span>
     <span class='ocr_line' id='line_1_71' title="bbox 704 1846 1290 1917; baseline 0.005 -14"><span class='ocrx_word' id='word_1_387' title='bbox 704 1848 847 1904; x_wconf 91' lang='lat' dir='ltr'><strong>noscendo</strong></span> <span class='ocrx_word' id='word_1_388' title='bbox 864 1846 1010 1903; x_wconf 88' lang='lat' dir='ltr'><strong>humiliter</strong></span> <span class='ocrx_word' id='word_1_389' title='bbox 1028 1847 1151 1917; x_wconf 82' lang='lat' dir='ltr'><strong>gratiam</strong></span> <span class='ocrx_word' id='word_1_390' title='bbox 1172 1846 1222 1905; x_wconf 92' lang='lat' dir='ltr'><strong>tibi</strong></span> <span class='ocrx_word' id='word_1_391' title='bbox 1242 1848 1290 1906; x_wconf 89' lang='lat' dir='ltr'><strong>la-</strong></span> 
     </span>
     <span class='ocr_line' id='line_1_72' title="bbox 704 1917 1291 1992; baseline 0.005 -19"><span class='ocrx_word' id='word_1_392' title='bbox 704 1925 790 1983; x_wconf 82' lang='lat' dir='ltr'><strong>etam,</strong></span> <span class='ocrx_word' id='word_1_393' title='bbox 810 1925 839 1974; x_wconf 90' lang='lat' dir='ltr'><strong>et</strong></span> <span class='ocrx_word' id='word_1_394' title='bbox 858 1934 942 1989; x_wconf 84' lang='lat' dir='ltr'><strong>quam</strong></span> <span class='ocrx_word' id='word_1_395' title='bbox 967 1918 1018 1974; x_wconf 87' lang='lat' dir='ltr'><strong>tibi</strong></span> <span class='ocrx_word' id='word_1_396' title='bbox 1039 1917 1185 1974; x_wconf 91' lang='lat' dir='ltr'><strong>multoties</strong></span> <span class='ocrx_word' id='word_1_397' title='bbox 1203 1935 1291 1992; x_wconf 90' lang='lat' dir='ltr'><strong>super</strong></span> 
     </span>
     <span class='ocr_line' id='line_1_73' title="bbox 704 1989 1290 2060; baseline 0.005 -15"><span class='ocrx_word' id='word_1_398' title='bbox 704 1990 758 2045; x_wconf 89' lang='lat' dir='ltr'><strong>hoc</strong></span> <span class='ocrx_word' id='word_1_399' title='bbox 772 1989 848 2046; x_wconf 83' lang='lat' dir='ltr'><strong>lacit.</strong></span> <span class='ocrx_word' id='word_1_400' title='bbox 865 1991 898 2045; x_wconf 82' lang='lat' dir='ltr'><strong>Et</strong></span> <span class='ocrx_word' id='word_1_401' title='bbox 912 2004 1013 2044; x_wconf 88' lang='lat' dir='ltr'><strong>caveas</strong></span> <span class='ocrx_word' id='word_1_402' title='bbox 1028 1989 1078 2044; x_wconf 90' lang='lat' dir='ltr'><strong>tibi</strong></span> <span class='ocrx_word' id='word_1_403' title='bbox 1092 2004 1127 2045; x_wconf 92' lang='lat' dir='ltr'><strong>ne</strong></span> <span class='ocrx_word' id='word_1_404' title='bbox 1143 1991 1196 2045; x_wconf 93' lang='lat' dir='ltr'><strong>hoc</strong></span> <span class='ocrx_word' id='word_1_405' title='bbox 1211 1991 1290 2060; x_wconf 93' lang='lat' dir='ltr'><strong>quod</strong></span> 
     </span>
     <span class='ocr_line' id='line_1_74' title="bbox 702 2058 1290 2189; baseline 0.007 -73"><span class='ocrx_word' id='word_1_406' title='bbox 702 2077 755 2189; x_wconf 55' lang='lat' dir='ltr'><strong>fier</strong></span> <span class='ocrx_word' id='word_1_407' title='bbox 768 2076 868 2134; x_wconf 90' lang='lat' dir='ltr'><strong>puram</strong></span> <span class='ocrx_word' id='word_1_408' title='bbox 887 2058 1008 2131; x_wconf 86' lang='lat' dir='ltr'><strong>gratiam</strong></span> <span class='ocrx_word' id='word_1_409' title='bbox 1023 2065 1050 2116; x_wconf 91' lang='lat' dir='ltr'><strong>et</strong></span> <span class='ocrx_word' id='word_1_410' title='bbox 1065 2059 1223 2118; x_wconf 90' lang='lat' dir='ltr'><strong>bonitatem</strong></span> <span class='ocrx_word' id='word_1_411' title='bbox 1239 2063 1290 2120; x_wconf 84' lang='lat' dir='ltr'><strong>bei</strong></span> 
     </span>
    </p>

    <p class='ocr_par' dir='ltr' id='par_1_7' title="bbox 696 2131 1291 3421">
     <span class='ocr_line' id='line_1_75' title="bbox 724 2131 1289 2202; baseline 0.004 -13"><span class='ocrx_word' id='word_1_412' title='bbox 724 2134 803 2202; x_wconf 88' lang='lat' dir='ltr'><strong>abes,</strong></span> <span class='ocrx_word' id='word_1_413' title='bbox 824 2131 894 2190; x_wconf 90' lang='lat' dir='ltr'><strong>velis</strong></span> <span class='ocrx_word' id='word_1_414' title='bbox 918 2131 1081 2188; x_wconf 87' lang='lat' dir='ltr'><strong>adscribere</strong></span> <span class='ocrx_word' id='word_1_415' title='bbox 1111 2136 1166 2189; x_wconf 82' lang='lat' dir='ltr'><strong>luae</strong></span> <span class='ocrx_word' id='word_1_416' title='bbox 1192 2131 1289 2191; x_wconf 89' lang='lat' dir='ltr'><strong>virtuli</strong></span> 
     </span>
     <span class='ocr_line' id='line_1_76' title="bbox 704 2204 1291 2278; baseline 0.007 -19"><span class='ocrx_word' id='word_1_417' title='bbox 704 2205 745 2261; x_wconf 92' lang='lat' dir='ltr'><strong>vel</strong></span> <span class='ocrx_word' id='word_1_418' title='bbox 768 2204 925 2278; x_wconf 79' lang='lat' dir='ltr'><strong>sapientae,</strong></span> <span class='ocrx_word' id='word_1_419' title='bbox 946 2219 996 2260; x_wconf 92' lang='lat' dir='ltr'><strong>seo</strong></span> <span class='ocrx_word' id='word_1_420' title='bbox 1024 2204 1125 2260; x_wconf 90' lang='lat' dir='ltr'><strong>merito</strong></span> <span class='ocrx_word' id='word_1_421' title='bbox 1152 2209 1214 2273; x_wconf 87' lang='lat' dir='ltr'><strong>tuo,</strong></span> <span class='ocrx_word' id='word_1_422' title='bbox 1239 2212 1291 2263; x_wconf 89' lang='lat' dir='ltr'><strong>aut</strong></span> 
     </span>
     <span class='ocr_line' id='line_1_77' title="bbox 704 2274 1290 2348; baseline 0.007 -17"><span class='ocrx_word' id='word_1_423' title='bbox 704 2275 785 2333; x_wconf 85' lang='lat' dir='ltr'><strong>lionis</strong></span> <span class='ocrx_word' id='word_1_424' title='bbox 809 2276 933 2334; x_wconf 78' lang='lat' dir='ltr'><strong>moribus</strong></span> <span class='ocrx_word' id='word_1_425' title='bbox 958 2274 1030 2343; x_wconf 88' lang='lat' dir='ltr'><strong>tuis;</strong></span> <span class='ocrx_word' id='word_1_426' title='bbox 1049 2292 1140 2348; x_wconf 90' lang='lat' dir='ltr'><strong>neque</strong></span> <span class='ocrx_word' id='word_1_427' title='bbox 1158 2278 1235 2348; x_wconf 90' lang='lat' dir='ltr'><strong>quod</strong></span> <span class='ocrx_word' id='word_1_428' title='bbox 1250 2278 1290 2336; x_wconf 86' lang='lat' dir='ltr'><strong>la·</strong></span> 
     </span>
     <span class='ocr_line' id='line_1_78' title="bbox 702 2348 1286 2421; baseline 0.003 -18"><span class='ocrx_word' id='word_1_429' title='bbox 702 2356 778 2405; x_wconf 91' lang='lat' dir='ltr'><strong>ctum</strong></span> <span class='ocrx_word' id='word_1_430' title='bbox 794 2349 901 2405; x_wconf 85' lang='lat' dir='ltr'><strong>luerita</strong></span> <span class='ocrx_word' id='word_1_431' title='bbox 912 2364 977 2404; x_wconf 79' lang='lat' dir='ltr'><strong>cau</strong></span> <span class='ocrx_word' id='word_1_432' title='bbox 987 2364 1035 2405; x_wconf 91' lang='lat' dir='ltr'><strong>seu</strong></span> <span class='ocrx_word' id='word_1_433' title='bbox 1049 2348 1286 2421; x_wconf 84' lang='lat' dir='ltr'><strong>alortuna‚quia‚</strong></span> 
     </span>
     <span class='ocr_line' id='line_1_79' title="bbox 701 2420 1287 2493; baseline 0.003 -17"><span class='ocrx_word' id='word_1_434' title='bbox 701 2425 732 2476; x_wconf 94' lang='lat' dir='ltr'><strong>ut</strong></span> <span class='ocrx_word' id='word_1_435' title='bbox 753 2420 852 2477; x_wconf 86' lang='lat' dir='ltr'><strong>dicunt</strong></span> <span class='ocrx_word' id='word_1_436' title='bbox 869 2420 975 2486; x_wconf 75' lang='lat' dir='ltr'><strong>Sancti,</strong></span> <span class='ocrx_word' id='word_1_437' title='bbox 991 2421 1046 2477; x_wconf 94' lang='lat' dir='ltr'><strong>hoc</strong></span> <span class='ocrx_word' id='word_1_438' title='bbox 1071 2425 1115 2476; x_wconf 90' lang='lat' dir='ltr'><strong>est</strong></span> <span class='ocrx_word' id='word_1_439' title='bbox 1144 2420 1287 2493; x_wconf 87' lang='lat' dir='ltr'><strong>principa·</strong></span> 
     </span>
     <span class='ocr_line' id='line_1_80' title="bbox 701 2491 1287 2563; baseline 0.009 -16"><span class='ocrx_word' id='word_1_440' title='bbox 701 2491 755 2547; x_wconf 90' lang='lat' dir='ltr'><strong>lios</strong></span> <span class='ocrx_word' id='word_1_441' title='bbox 774 2508 824 2563; x_wconf 91' lang='lat' dir='ltr'><strong>per</strong></span> <span class='ocrx_word' id='word_1_442' title='bbox 849 2492 925 2562; x_wconf 93' lang='lat' dir='ltr'><strong>quod</strong></span> <span class='ocrx_word' id='word_1_443' title='bbox 942 2494 1016 2547; x_wconf 88' lang='lat' dir='ltr'><strong>Deus</strong></span> <span class='ocrx_word' id='word_1_444' title='bbox 1040 2491 1210 2548; x_wconf 86' lang='lat' dir='ltr'><strong>beoellciuoi</strong></span> <span class='ocrx_word' id='word_1_445' title='bbox 1227 2510 1287 2551; x_wconf 73' lang='lat' dir='ltr'><strong>suae</strong></span> 
     </span>
     <span class='ocr_line' id='line_1_81' title="bbox 700 2560 1286 2634; baseline 0.007 -17"><span class='ocrx_word' id='word_1_446' title='bbox 700 2562 799 2634; x_wconf 79' lang='lat' dir='ltr'><strong>gratia</strong></span> <span class='ocrx_word' id='word_1_447' title='bbox 827 2563 919 2619; x_wconf 77' lang='lat' dir='ltr'><strong>aufert</strong></span> <span class='ocrx_word' id='word_1_448' title='bbox 943 2568 972 2619; x_wconf 89' lang='lat' dir='ltr'><strong>et</strong></span> <span class='ocrx_word' id='word_1_449' title='bbox 996 2560 1138 2619; x_wconf 87' lang='lat' dir='ltr'><strong>subtrahit</strong></span> <span class='ocrx_word' id='word_1_450' title='bbox 1162 2563 1286 2634; x_wconf 86' lang='lat' dir='ltr'><strong>homiui,</strong></span> 
     </span>
     <span class='ocr_line' id='line_1_82' title="bbox 699 2632 1286 2706; baseline 0.003 -16"><span class='ocrx_word' id='word_1_451' title='bbox 699 2633 894 2706; x_wconf 83' lang='lat' dir='ltr'><strong>permittitque</strong></span> <span class='ocrx_word' id='word_1_452' title='bbox 911 2649 976 2690; x_wconf 90' lang='lat' dir='ltr'><strong>euin</strong></span> <span class='ocrx_word' id='word_1_453' title='bbox 1001 2632 1102 2703; x_wconf 82' lang='lat' dir='ltr'><strong>subjici</strong></span> <span class='ocrx_word' id='word_1_454' title='bbox 1118 2635 1286 2692; x_wconf 84' lang='lat' dir='ltr'><strong>ieniaoooi·</strong></span> 
     </span>
     <span class='ocr_line' id='line_1_83' title="bbox 700 2703 1287 2773; baseline 0.003 -12"><span class='ocrx_word' id='word_1_455' title='bbox 700 2711 753 2761; x_wconf 85' lang='lat' dir='ltr'><strong>tius</strong></span> <span class='ocrx_word' id='word_1_456' title='bbox 765 2711 793 2762; x_wconf 92' lang='lat' dir='ltr'><strong>et</strong></span> <span class='ocrx_word' id='word_1_457' title='bbox 807 2704 988 2761; x_wconf 89' lang='lat' dir='ltr'><strong>illusionibus</strong></span> <span class='ocrx_word' id='word_1_458' title='bbox 1007 2703 1123 2760; x_wconf 88' lang='lat' dir='ltr'><strong>diaboli.</strong></span> <span class='ocrx_word' id='word_1_459' title='bbox 1146 2735 1177 2746; x_wconf 97' lang='lat'>-</span> <span class='ocrx_word' id='word_1_460' title='bbox 1198 2705 1287 2773; x_wconf 89' lang='lat' dir='ltr'><strong>Quin·</strong></span> 
     </span>
     <span class='ocr_line' id='line_1_84' title="bbox 698 2775 1286 2847; baseline 0.002 -13"><span class='ocrx_word' id='word_1_461' title='bbox 698 2784 759 2834; x_wconf 90' lang='lat' dir='ltr'><strong>tuni</strong></span> <span class='ocrx_word' id='word_1_462' title='bbox 780 2776 936 2834; x_wconf 80' lang='lat' dir='ltr'><strong>remedium</strong></span> <span class='ocrx_word' id='word_1_463' title='bbox 952 2785 1006 2844; x_wconf 87' lang='lat' dir='ltr'><strong>est,</strong></span> <span class='ocrx_word' id='word_1_464' title='bbox 1022 2775 1097 2847; x_wconf 88' lang='lat' dir='ltr'><strong>quod</strong></span> <span class='ocrx_word' id='word_1_465' title='bbox 1114 2780 1152 2845; x_wconf 82' lang='lat' dir='ltr'><strong>te,</strong></span> <span class='ocrx_word' id='word_1_466' title='bbox 1170 2792 1220 2834; x_wconf 90' lang='lat' dir='ltr'><strong>seu</strong></span> <span class='ocrx_word' id='word_1_467' title='bbox 1238 2786 1286 2835; x_wconf 88' lang='lat' dir='ltr'><strong>tuo</strong></span> 
     </span>
     <span class='ocr_line' id='line_1_85' title="bbox 698 2845 1285 2919; baseline 0.002 -14"><span class='ocrx_word' id='word_1_468' title='bbox 698 2848 784 2905; x_wconf 90' lang='lat' dir='ltr'><strong>corde</strong></span> <span class='ocrx_word' id='word_1_469' title='bbox 801 2848 936 2904; x_wconf 82' lang='lat' dir='ltr'><strong>existente</strong></span> <span class='ocrx_word' id='word_1_470' title='bbox 949 2846 979 2903; x_wconf 92' lang='lat' dir='ltr'><strong>in</strong></span> <span class='ocrx_word' id='word_1_471' title='bbox 992 2845 1149 2905; x_wconf 84' lang='lat' dir='ltr'><strong>tentatione</strong></span> <span class='ocrx_word' id='word_1_472' title='bbox 1168 2848 1285 2919; x_wconf 88' lang='lat' dir='ltr'><strong>spiritu·</strong></span> 
     </span>
     <span class='ocr_line' id='line_1_86' title="bbox 697 2917 1285 2992; baseline 0.005 -17"><span class='ocrx_word' id='word_1_473' title='bbox 697 2919 746 2988; x_wconf 90' lang='lat' dir='ltr'><strong>ali,</strong></span> <span class='ocrx_word' id='word_1_474' title='bbox 762 2935 915 2992; x_wconf 90' lang='lat' dir='ltr'><strong>perquam</strong></span> <span class='ocrx_word' id='word_1_475' title='bbox 932 2935 961 2974; x_wconf 89' lang='lat' dir='ltr'><strong>es</strong></span> <span class='ocrx_word' id='word_1_476' title='bbox 978 2917 1008 2975; x_wconf 92' lang='lat' dir='ltr'><strong>in</strong></span> <span class='ocrx_word' id='word_1_477' title='bbox 1028 2918 1127 2986; x_wconf 92' lang='lat' dir='ltr'><strong>dubio,</strong></span> <span class='ocrx_word' id='word_1_478' title='bbox 1143 2934 1201 2976; x_wconf 90' lang='lat' dir='ltr'><strong>non</strong></span> <span class='ocrx_word' id='word_1_479' title='bbox 1216 2919 1285 2978; x_wconf 90' lang='lat' dir='ltr'><strong>inei·</strong></span> 
     </span>
     <span class='ocr_line' id='line_1_87' title="bbox 696 2989 1284 3073; baseline 0.002 -25"><span class='ocrx_word' id='word_1_480' title='bbox 696 2990 759 3065; x_wconf 83' lang='lat' dir='ltr'><strong>pias</strong></span> <span class='ocrx_word' id='word_1_481' title='bbox 784 2997 833 3048; x_wconf 90' lang='lat' dir='ltr'><strong>toa</strong></span> <span class='ocrx_word' id='word_1_482' title='bbox 863 2989 978 3073; x_wconf 80' lang='lat' dir='ltr'><strong>propria</strong></span> <span class='ocrx_word' id='word_1_483' title='bbox 1004 2990 1150 3047; x_wconf 89' lang='lat' dir='ltr'><strong>voluntate</strong></span> <span class='ocrx_word' id='word_1_484' title='bbox 1176 2990 1284 3066; x_wconf 88' lang='lat' dir='ltr'><strong>aliquid</strong></span> 
     </span>
     <span class='ocr_line' id='line_1_88' title="bbox 698 3061 1284 3132; baseline 0.005 -13"><span class='ocrx_word' id='word_1_485' title='bbox 698 3063 823 3119; x_wconf 86' lang='lat' dir='ltr'><strong>notabile</strong></span> <span class='ocrx_word' id='word_1_486' title='bbox 839 3061 890 3119; x_wconf 92' lang='lat' dir='ltr'><strong>tibi</strong></span> <span class='ocrx_word' id='word_1_487' title='bbox 915 3067 1111 3118; x_wconf 90' lang='lat' dir='ltr'><strong>inconsuetum</strong></span> <span class='ocrx_word' id='word_1_488' title='bbox 1131 3067 1217 3132; x_wconf 89' lang='lat' dir='ltr'><strong>anle;</strong></span> <span class='ocrx_word' id='word_1_489' title='bbox 1232 3064 1284 3122; x_wconf 89' lang='lat' dir='ltr'><strong>sed</strong></span> 
     </span>
     <span class='ocr_line' id='line_1_89' title="bbox 697 3136 1283 3193; baseline 0.007 -4"><span class='ocrx_word' id='word_1_490' title='bbox 697 3138 778 3192; x_wconf 89' lang='lat' dir='ltr'><strong>tuum</strong></span> <span class='ocrx_word' id='word_1_491' title='bbox 792 3151 842 3192; x_wconf 89' lang='lat' dir='ltr'><strong>cor</strong></span> <span class='ocrx_word' id='word_1_492' title='bbox 862 3140 890 3191; x_wconf 92' lang='lat' dir='ltr'><strong>et</strong></span> <span class='ocrx_word' id='word_1_493' title='bbox 905 3139 985 3191; x_wconf 90' lang='lat' dir='ltr'><strong>tuam</strong></span> <span class='ocrx_word' id='word_1_494' title='bbox 1001 3136 1174 3190; x_wconf 86' lang='lat' dir='ltr'><strong>voluntatem</strong></span> <span class='ocrx_word' id='word_1_495' title='bbox 1196 3136 1283 3193; x_wconf 82' lang='lat' dir='ltr'><strong>retre-</strong></span> 
     </span>
     <span class='ocr_line' id='line_1_90' title="bbox 696 3202 1282 3278; baseline 0.003 -16"><span class='ocrx_word' id='word_1_496' title='bbox 696 3205 802 3277; x_wconf 92' lang='lat' dir='ltr'><strong>nando,</strong></span> <span class='ocrx_word' id='word_1_497' title='bbox 818 3212 963 3278; x_wconf 81' lang='lat' dir='ltr'><strong>exspectes</strong></span> <span class='ocrx_word' id='word_1_498' title='bbox 987 3202 1135 3262; x_wconf 91' lang='lat' dir='ltr'><strong>humiliter</strong></span> <span class='ocrx_word' id='word_1_499' title='bbox 1155 3221 1219 3263; x_wconf 92' lang='lat' dir='ltr'><strong>cuin</strong></span> <span class='ocrx_word' id='word_1_500' title='bbox 1245 3209 1282 3264; x_wconf 91' lang='lat' dir='ltr'><strong>ti·</strong></span> 
     </span>
     <span class='ocr_line' id='line_1_91' title="bbox 697 3275 1280 3351; baseline 0.005 -16"><span class='ocrx_word' id='word_1_501' title='bbox 697 3294 776 3336; x_wconf 89' lang='lat' dir='ltr'><strong>more</strong></span> <span class='ocrx_word' id='word_1_502' title='bbox 804 3283 833 3335; x_wconf 93' lang='lat' dir='ltr'><strong>et</strong></span> <span class='ocrx_word' id='word_1_503' title='bbox 862 3277 1025 3334; x_wconf 86' lang='lat' dir='ltr'><strong>reverentia</strong></span> <span class='ocrx_word' id='word_1_504' title='bbox 1056 3275 1105 3333; x_wconf 85' lang='lat' dir='ltr'><strong>Dei</strong></span> <span class='ocrx_word' id='word_1_505' title='bbox 1132 3292 1280 3351; x_wconf 90' lang='lat' dir='ltr'><strong>usquequo</strong></span> 
     </span>
     <span class='ocr_line' id='line_1_92' title="bbox 699 3347 1281 3421; baseline 0.005 -15"><span class='ocrx_word' id='word_1_506' title='bbox 699 3352 769 3407; x_wconf 86' lang='lat' dir='ltr'><strong>Dens</strong></span> <span class='ocrx_word' id='word_1_507' title='bbox 782 3366 832 3407; x_wconf 92' lang='lat' dir='ltr'><strong>cor</strong></span> <span class='ocrx_word' id='word_1_508' title='bbox 846 3355 926 3406; x_wconf 92' lang='lat' dir='ltr'><strong>tuum</strong></span> <span class='ocrx_word' id='word_1_509' title='bbox 938 3347 1075 3405; x_wconf 77' lang='lat' dir='ltr'><strong>ciarimei</strong></span> <span class='ocrx_word' id='word_1_510' title='bbox 1089 3365 1096 3403; x_wconf 92' lang='lat'><strong>:</strong></span> <span class='ocrx_word' id='word_1_511' title='bbox 1109 3347 1213 3421; x_wconf 82' lang='lat' dir='ltr'><strong>quiesi</strong></span> <span class='ocrx_word' id='word_1_512' title='bbox 1226 3351 1281 3408; x_wconf 87' lang='lat' dir='ltr'><strong>exi·</strong></span> 
     </span>
    </p>
   </div>
   <div class='ocr_carea' id='block_1_7' title="bbox 694 3419 1283 3836">
    <p class='ocr_par' dir='ltr' id='par_1_8' title="bbox 694 3419 1283 3836">
     <span class='ocr_line' id='line_1_93' title="bbox 696 3419 1283 3503; baseline 0.005 -25"><span class='ocrx_word' id='word_1_513' title='bbox 696 3422 795 3478; x_wconf 90' lang='lat' dir='ltr'><strong>stendo</strong></span> <span class='ocrx_word' id='word_1_514' title='bbox 805 3420 833 3478; x_wconf 94' lang='lat' dir='ltr'><strong>in</strong></span> <span class='ocrx_word' id='word_1_515' title='bbox 845 3419 1014 3478; x_wconf 87' lang='lat' dir='ltr'><strong>dictodubio</strong></span> <span class='ocrx_word' id='word_1_516' title='bbox 1030 3419 1171 3503; x_wconf 84' lang='lat' dir='ltr'><strong>inciperes</strong></span> <span class='ocrx_word' id='word_1_517' title='bbox 1185 3437 1218 3479; x_wconf 89' lang='lat' dir='ltr'><strong>eii</strong></span> <span class='ocrx_word' id='word_1_518' title='bbox 1234 3427 1283 3482; x_wconf 90' lang='lat' dir='ltr'><strong>lua</strong></span> 
     </span>
     <span class='ocr_line' id='line_1_94' title="bbox 696 3491 1280 3566; baseline 0.009 -17"><span class='ocrx_word' id='word_1_519' title='bbox 696 3492 810 3566; x_wconf 85' lang='lat' dir='ltr'><strong>propria</strong></span> <span class='ocrx_word' id='word_1_520' title='bbox 838 3496 983 3550; x_wconf 88' lang='lat' dir='ltr'><strong>volontate</strong></span> <span class='ocrx_word' id='word_1_521' title='bbox 1010 3491 1117 3564; x_wconf 90' lang='lat' dir='ltr'><strong>aliquid</strong></span> <span class='ocrx_word' id='word_1_522' title='bbox 1144 3494 1280 3565; x_wconf 86' lang='lat' dir='ltr'><strong>notabile,</strong></span> 
     </span>
     <span class='ocr_line' id='line_1_95' title="bbox 695 3564 1282 3637; baseline 0.009 -16"><span class='ocrx_word' id='word_1_523' title='bbox 695 3564 745 3622; x_wconf 89' lang='lat' dir='ltr'><strong>tibi</strong></span> <span class='ocrx_word' id='word_1_524' title='bbox 766 3565 975 3635; x_wconf 90' lang='lat' dir='ltr'><strong>inconsuetum,</strong></span> <span class='ocrx_word' id='word_1_525' title='bbox 993 3581 1049 3621; x_wconf 94' lang='lat' dir='ltr'><strong>non</strong></span> <span class='ocrx_word' id='word_1_526' title='bbox 1077 3580 1177 3637; x_wconf 90' lang='lat' dir='ltr'><strong>posses</strong></span> <span class='ocrx_word' id='word_1_527' title='bbox 1205 3567 1282 3626; x_wconf 86' lang='lat' dir='ltr'><strong>exire</strong></span> 
     </span>
     <span class='ocr_line' id='line_1_96' title="bbox 694 3637 1281 3697; baseline 0.005 -3"><span class='ocrx_word' id='word_1_528' title='bbox 694 3637 731 3694; x_wconf 91' lang='lat' dir='ltr'><strong>ad</strong></span> <span class='ocrx_word' id='word_1_529' title='bbox 750 3637 837 3694; x_wconf 85' lang='lat' dir='ltr'><strong>linem</strong></span> <span class='ocrx_word' id='word_1_530' title='bbox 855 3637 972 3695; x_wconf 92' lang='lat' dir='ltr'><strong>bonum.</strong></span> <span class='ocrx_word' id='word_1_531' title='bbox 1002 3669 1027 3677; x_wconf 83' lang='grc'><strong>-</strong></span> <span class='ocrx_word' id='word_1_532' title='bbox 1049 3637 1163 3694; x_wconf 88' lang='lat' dir='ltr'><strong>Sextum</strong></span> <span class='ocrx_word' id='word_1_533' title='bbox 1190 3654 1281 3697; x_wconf 88' lang='lat' dir='ltr'><strong>rema·</strong></span> 
     </span>
     <span class='ocr_line' id='line_1_97' title="bbox 694 3707 1282 3836; baseline 0.003 -71"><span class='ocrx_word' id='word_1_534' title='bbox 694 3709 772 3765; x_wconf 88' lang='lat' dir='ltr'><strong>dium</strong></span> <span class='ocrx_word' id='word_1_535' title='bbox 796 3720 851 3776; x_wconf 83' lang='lat' dir='ltr'><strong>esi,</strong></span> <span class='ocrx_word' id='word_1_536' title='bbox 872 3707 948 3779; x_wconf 95' lang='lat' dir='ltr'><strong>quod</strong></span> <span class='ocrx_word' id='word_1_537' title='bbox 968 3716 1085 3836; x_wconf 61' lang='lat' dir='ltr'><strong>Kropter</strong></span> <span class='ocrx_word' id='word_1_538' title='bbox 1108 3711 1282 3767; x_wconf 87' lang='lat' dir='ltr'><strong>tentationes</strong></span> 
     </span>
    </p>
   </div>
   <div class='ocr_carea' id='block_1_8' title="bbox 694 3778 1282 3991">
    <p class='ocr_par' dir='ltr' id='par_1_9' title="bbox 694 3778 1282 3991">
     <span class='ocr_line' id='line_1_98' title="bbox 695 3778 1282 3845; baseline 0.003 -8"><span class='ocrx_word' id='word_1_539' title='bbox 695 3780 866 3844; x_wconf 78' lang='lat' dir='ltr'><strong>antedictas.</strong></span> <span class='ocrx_word' id='word_1_540' title='bbox 882 3778 905 3835; x_wconf 90' lang='lat' dir='ltr'><strong>si</strong></span> <span class='ocrx_word' id='word_1_541' title='bbox 929 3780 1047 3845; x_wconf 83' lang='lat' dir='ltr'><strong>bacas,</strong></span> <span class='ocrx_word' id='word_1_542' title='bbox 1071 3795 1127 3835; x_wconf 93' lang='lat' dir='ltr'><strong>non</strong></span> <span class='ocrx_word' id='word_1_543' title='bbox 1154 3779 1282 3838; x_wconf 88' lang='lat' dir='ltr'><strong>dimittas</strong></span> 
     </span>
     <span class='ocr_line' id='line_1_99' title="bbox 694 3849 1281 3924; baseline 0.002 -17"><span class='ocrx_word' id='word_1_544' title='bbox 694 3850 811 3923; x_wconf 89' lang='lat' dir='ltr'><strong>aliquod</strong></span> <span class='ocrx_word' id='word_1_545' title='bbox 840 3851 957 3919; x_wconf 84' lang='lat' dir='ltr'><strong>bonum,</strong></span> <span class='ocrx_word' id='word_1_546' title='bbox 983 3850 1058 3923; x_wconf 93' lang='lat' dir='ltr'><strong>quod</strong></span> <span class='ocrx_word' id='word_1_547' title='bbox 1083 3856 1114 3906; x_wconf 88' lang='lat' dir='ltr'><strong>tu</strong></span> <span class='ocrx_word' id='word_1_548' title='bbox 1137 3849 1281 3924; x_wconf 89' lang='lat' dir='ltr'><strong>incepisti,</strong></span> 
     </span>
     <span class='ocr_line' id='line_1_100' title="bbox 695 3920 1280 3991; baseline -0.002 -12"><span class='ocrx_word' id='word_1_549' title='bbox 695 3926 762 3979; x_wconf 91' lang='lat' dir='ltr'><strong>dum</strong></span> <span class='ocrx_word' id='word_1_550' title='bbox 782 3920 1034 3979; x_wconf 88' lang='lat' dir='ltr'><strong>intentationibus</strong></span> <span class='ocrx_word' id='word_1_551' title='bbox 1052 3920 1177 3978; x_wconf 85' lang='lat' dir='ltr'><strong>illis&#39;non</strong></span> <span class='ocrx_word' id='word_1_552' title='bbox 1196 3937 1280 3991; x_wconf 90' lang='lat' dir='ltr'><strong>eras;</strong></span> 
     </span>
    </p>
   </div>
   <div class='ocr_carea' id='block_1_9' title="bbox 51 3991 1282 4150">
    <p class='ocr_par' dir='ltr' id='par_1_10' title="bbox 51 3991 1282 4150">
     <span class='ocr_line' id='line_1_101' title="bbox 53 3991 1280 4082; baseline -0.007 -24"><span class='ocrx_word' id='word_1_553' title='bbox 53 3998 189 4082; x_wconf 77' lang='lat' dir='ltr'><strong>nobiliter</strong></span> <span class='ocrx_word' id='word_1_554' title='bbox 208 3998 333 4082; x_wconf 72' lang='lat' dir='ltr'><strong>dubitas²</strong></span> <span class='ocrx_word' id='word_1_555' title='bbox 348 4003 501 4056; x_wconf 88' lang='lat' dir='ltr'><strong>contrahas</strong></span> <span class='ocrx_word' id='word_1_556' title='bbox 529 4011 640 4053; x_wconf 84' lang='lat' dir='ltr'><strong>morani</strong></span> <span class='ocrx_word' id='word_1_557' title='bbox 694 4000 723 4051; x_wconf 92' lang='lat' dir='ltr'><strong>ot</strong></span> <span class='ocrx_word' id='word_1_558' title='bbox 738 4009 858 4051; x_wconf 88' lang='lat' dir='ltr'><strong>maxime</strong></span> <span class='ocrx_word' id='word_1_559' title='bbox 870 4010 926 4075; x_wconf 87' lang='lat' dir='ltr'><strong>non</strong></span> <span class='ocrx_word' id='word_1_560' title='bbox 935 3994 1022 4050; x_wconf 85' lang='lat' dir='ltr'><strong>debes</strong></span> <span class='ocrx_word' id='word_1_561' title='bbox 1034 3991 1177 4049; x_wconf 81' lang='lat' dir='ltr'><strong>dimittere</strong></span> <span class='ocrx_word' id='word_1_562' title='bbox 1186 4009 1280 4076; x_wconf 76' lang='lat' dir='ltr'><strong>orare,</strong></span> 
     </span>
     <span class='ocr_line' id='line_1_102' title="bbox 51 4062 1282 4150; baseline -0.006 -20"><span class='ocrx_word' id='word_1_563' title='bbox 51 4072 90 4130; x_wconf 86' lang='lat' dir='ltr'><strong>ad</strong></span> <span class='ocrx_word' id='word_1_564' title='bbox 115 4071 277 4128; x_wconf 84' lang='lat' dir='ltr'><strong>laciendum</strong></span> <span class='ocrx_word' id='word_1_565' title='bbox 303 4072 409 4128; x_wconf 91' lang='lat' dir='ltr'><strong>dictum</strong></span> <span class='ocrx_word' id='word_1_566' title='bbox 438 4085 520 4142; x_wconf 83' lang='lat' dir='ltr'><strong>opus,</strong></span> <span class='ocrx_word' id='word_1_567' title='bbox 540 4083 642 4150; x_wconf 85' lang='lat' dir='ltr'><strong>usque·</strong></span> <span class='ocrx_word' id='word_1_568' title='bbox 694 4070 743 4122; x_wconf 90' lang='lat' dir='ltr'><strong>aot</strong></span> <span class='ocrx_word' id='word_1_569' title='bbox 762 4065 903 4134; x_wconf 84' lang='lat' dir='ltr'><strong>confiteri,</strong></span> <span class='ocrx_word' id='word_1_570' title='bbox 919 4081 951 4122; x_wconf 93' lang='lat' dir='ltr'><strong>ve</strong></span> <span class='ocrx_word' id='word_1_571' title='bbox 972 4077 1066 4136; x_wconf 62' lang='lat' dir='ltr'><strong>spero</strong></span> <span class='ocrx_word' id='word_1_572' title='bbox 1086 4062 1178 4121; x_wconf 85' lang='lat' dir='ltr'><strong>lacere</strong></span> <span class='ocrx_word' id='word_1_573' title='bbox 1192 4065 1282 4122; x_wconf 91' lang='lat' dir='ltr'><strong>humi·</strong></span> 
     </span>
    </p>
   </div>
   <div class='ocr_carea' id='block_1_10' title="bbox 51 4140 640 4361">
    <p class='ocr_par' dir='ltr' id='par_1_11' title="bbox 51 4140 640 4361">
     <span class='ocr_line' id='line_1_103' title="bbox 52 4140 628 4215; baseline -0.009 -15"><span class='ocrx_word' id='word_1_574' title='bbox 52 4158 111 4215; x_wconf 84' lang='lat' dir='ltr'><strong>qco</strong></span> <span class='ocrx_word' id='word_1_575' title='bbox 121 4142 281 4212; x_wconf 89' lang='lat' dir='ltr'><strong>inspexeris</strong></span> <span class='ocrx_word' id='word_1_576' title='bbox 289 4158 389 4199; x_wconf 89' lang='lat' dir='ltr'><strong>omnes</strong></span> <span class='ocrx_word' id='word_1_577' title='bbox 401 4140 628 4198; x_wconf 78' lang='lat' dir='ltr'><strong>circumstantias</strong></span> 
     </span>
     <span class='ocr_line' id='line_1_104' title="bbox 51 4181 640 4294; baseline -0.008 -22"><span class='ocrx_word' id='word_1_578' title='bbox 51 4219 82 4272; x_wconf 88' lang='lat' dir='ltr'><strong>et</strong></span> <span class='ocrx_word' id='word_1_579' title='bbox 95 4214 218 4272; x_wconf 82' lang='lat' dir='ltr'><strong>maxime</strong></span> <span class='ocrx_word' id='word_1_580' title='bbox 234 4215 344 4286; x_wconf 84' lang='lat' dir='ltr'><strong>finales,</strong></span> <span class='ocrx_word' id='word_1_581' title='bbox 360 4219 389 4270; x_wconf 87' lang='lat' dir='ltr'><strong>ct</strong></span> <span class='ocrx_word' id='word_1_582' title='bbox 400 4228 556 4286; x_wconf 89' lang='lat' dir='ltr'><strong>cognoscas</strong></span> <span class='ocrx_word' id='word_1_583' title='bbox 564 4181 640 4294; x_wconf 83' lang='lat' dir='ltr'><strong>quoii</strong></span> 
     </span>
     <span class='ocr_line' id='line_1_105' title="bbox 52 4287 639 4361; baseline -0.015 -14"><span class='ocrx_word' id='word_1_584' title='bbox 52 4288 113 4347; x_wconf 82' lang='lat' dir='ltr'><strong>Deo</strong></span> <span class='ocrx_word' id='word_1_585' title='bbox 130 4287 259 4361; x_wconf 58' lang='lat' dir='ltr'><strong>placeam</strong></span> <span class='ocrx_word' id='word_1_586' title='bbox 275 4302 331 4345; x_wconf 91' lang='lat' dir='ltr'><strong>non</strong></span> <span class='ocrx_word' id='word_1_587' title='bbox 351 4292 449 4344; x_wconf 76' lang='lat' dir='ltr'><strong>tanim</strong></span> <span class='ocrx_word' id='word_1_588' title='bbox 463 4287 538 4359; x_wconf 62' lang='lat' dir='ltr'><strong>«quod</strong></span> <span class='ocrx_word' id='word_1_589' title='bbox 554 4289 584 4340; x_wconf 91' lang='lat' dir='ltr'><strong>tu</strong></span> <span class='ocrx_word' id='word_1_590' title='bbox 597 4298 639 4355; x_wconf 80' lang='lat' dir='ltr'><strong>Ju-</strong></span> 
     </span>
    </p>
   </div>
   <div class='ocr_carea' id='block_1_11' title="bbox 694 4133 1281 4351">
    <p class='ocr_par' dir='ltr' id='par_1_12' title="bbox 694 4133 1281 4351">
     <span class='ocr_line' id='line_1_106' title="bbox 695 4133 1281 4205; baseline -0.002 -12"><span class='ocrx_word' id='word_1_591' title='bbox 695 4136 793 4205; x_wconf 85' lang='lat' dir='ltr'><strong>litatis‚</strong></span> <span class='ocrx_word' id='word_1_592' title='bbox 810 4138 875 4193; x_wconf 89' lang='lat' dir='ltr'><strong>licet</strong></span> <span class='ocrx_word' id='word_1_593' title='bbox 889 4133 1112 4192; x_wconf 88' lang='lat' dir='ltr'><strong>consolationem</strong></span> <span class='ocrx_word' id='word_1_594' title='bbox 1132 4150 1188 4192; x_wconf 90' lang='lat' dir='ltr'><strong>non</strong></span> <span class='ocrx_word' id='word_1_595' title='bbox 1205 4135 1281 4192; x_wconf 84' lang='lat' dir='ltr'><strong>invo-</strong></span> 
     </span>
     <span class='ocr_line' id='line_1_107' title="bbox 695 4207 1278 4290; baseline -0.003 -25"><span class='ocrx_word' id='word_1_596' title='bbox 695 4211 759 4266; x_wconf 88' lang='lat' dir='ltr'><strong>nias</strong></span> <span class='ocrx_word' id='word_1_597' title='bbox 780 4207 809 4265; x_wconf 96' lang='lat' dir='ltr'><strong>in</strong></span> <span class='ocrx_word' id='word_1_598' title='bbox 827 4207 918 4290; x_wconf 35' lang='lat' dir='ltr'><strong>&#39;ipsis3</strong></span> <span class='ocrx_word' id='word_1_599' title='bbox 949 4209 1025 4261; x_wconf 91' lang='lat' dir='ltr'><strong>unde</strong></span> <span class='ocrx_word' id='word_1_600' title='bbox 1038 4210 1185 4287; x_wconf 27' lang='lat' dir='ltr'><strong>‘scriptum</strong></span> <span class='ocrx_word' id='word_1_601' title='bbox 1215 4214 1278 4289; x_wconf 74' lang='lat' dir='ltr'><strong>est:</strong></span> 
     </span>
     <span class='ocr_line' id='line_1_108' title="bbox 694 4280 1278 4351; baseline -0.002 -13"><span class='ocrx_word' id='word_1_602' title='bbox 694 4280 903 4345; x_wconf 70' lang='lat' dir='ltr'><strong>liquescebant</strong></span> <span class='ocrx_word' id='word_1_603' title='bbox 916 4280 1150 4351; x_wconf 85' lang='lat' dir='ltr'><strong>prosperitatiset</strong></span> <span class='ocrx_word' id='word_1_604' title='bbox 1166 4287 1278 4351; x_wconf 78' lang='lat' dir='ltr'><strong>gratioe.</strong></span> 
     </span>
    </p>
   </div>
   <div class='ocr_carea' id='block_1_12' title="bbox 0 0 1414 4928">
    <p class='ocr_par' dir='ltr' id='par_1_13' title="bbox 0 0 1414 4928">
     <span class='ocr_line' id='line_1_109' title="bbox 0 0 1414 4928; baseline 0 6"><span class='ocrx_word' id='word_1_605' title='bbox 0 0 1414 4928; x_wconf 95' lang='lat' dir='ltr'><strong> </strong></span> 
     </span>
    </p>
   </div>
  </div>
 </body>
</html>
