2820 4928
280 290 324 344 bs
351 288 490 358 nullut.
519 290 558 344 Π
586 291 826 346 exsaturanda
853 293 1043 356 abtatlttll,
1072 294 1139 347 tlte.
1276 294 1322 350 wi

84 402 184 462 ventu.
207 392 302 454 subito
327 394 432 465 veniet,
458 396 538 466 cujus
559 400 673 470 tempus

85 477 197 531 certum
220 471 298 537 latet,
315 467 452 524 sollicitos
467 484 516 525 nos
534 470 594 525 uult
610 487 673 529 ussa

86 554 115 604 et
131 540 294 614 dispositos,
318 557 353 598 ne
369 540 430 597 dits
448 540 496 597 illa
517 557 569 597 nos
590 544 673 600 inre-

86 620 149 676 niat
170 616 335 688 imparatos.
354 614 431 670 lnler
452 623 547 671 cetera
566 622 672 690 autem,

87 706 151 763 quae
168 704 219 744 rrns
236 693 408 759 praeparant,
425 692 455 742 ut
474 703 572 744 secure
588 694 616 745 et
630 690 657 745 dr

86 778 142 834 gne
164 760 317 817 adveutum
338 758 447 814 Domini
470 765 672 830 exspectemus,

87 841 131 892 est
140 830 279 889 orationis
291 830 427 887 sedulitas
434 837 463 887 et
472 831 634 901 assidurtas,
644 839 673 889 ut

83 903 155 981 justi
169 902 276 961 ludicis
293 901 517 959 misericordam
533 903 673 976 implore-

87 993 170 1044 mus;
188 984 217 1033 et
234 974 343 1032 orantis
370 974 524 1042 humilitas,
546 983 576 1032 ut
591 977 671 1034 tudi-

87 1065 149 1107 cem
167 1064 219 1121 per
244 1045 432 1103 bumiitatem
459 1049 616 1115 flectamus,
644 1055 673 1105 et

88 1122 151 1194 ejus
176 1118 299 1187 rigorem
327 1124 529 1189 temperemus.
555 1121 621 1191 quia
646 1121 671 1178 ei

87 1189 287 1262 samperbnmi
300 1189 358 1247 ium
368 1190 579 1260 placuitorntio.
594 1194 673 1250 Unde

86 1265 116 1323 in
137 1261 357 1321 Ecclesiastico:
378 1264 474 1319 Oratio
498 1265 672 1321 humiliantis

86 1353 116 1395 ac
133 1336 219 1391 nubes
240 1336 405 1407 penetrabit.
422 1341 448 1390 et
462 1336 546 1391 donea
569 1353 672 1406 unpro-

84 1411 204 1482 ptaquct
215 1423 269 1462 ann
281 1407 484 1471 consalutatum
501 1413 526 1462 ct
541 1424 595 1463 nun
607 1408 673 1464 dis-

87 1481 162 1538 rodet
170 1479 254 1534 donec
264 1481 384 1548 aspiciat
393 1481 563 1535 attissimus.
575 1479 672 1538 Oratio

89 1556 185 1609 autam
201 1551 386 1622 superborum
404 1550 529 1607 exaudiri
546 1568 602 1608 aon
618 1569 673 1608 rue·

87 1622 361 1690 retur31rrausenim
375 1623 516 1680 delectum
526 1624 676 1695 proprium

88 1694 251 1761 confltetur,
268 1693 343 1765 quod
360 1694 500 1766 superbiae
522 1704 672 1768 repugnat,

87 1765 225 1840 quoniam
244 1765 385 1823 delectum
400 1782 481 1822 suum
498 1768 589 1839 magis
603 1769 675 1824 cala·

86 1855 120 1896 ro
135 1853 220 1910 quam
237 1837 356 1908 prodere
368 1838 491 1894 allectat.
506 1841 590 1895 Docet
606 1856 674 1911 ergo

90 1911 229 1967 Dominus
245 1908 381 1982 qttoniam
396 1916 500 1981 oportet
521 1911 629 1982 jugiter
648 1917 677 1968 et

88 1998 196 2053 temper
212 1999 301 2045 orare,
312 1988 338 2038 et
352 1984 387 2038 ab
400 1981 529 2039 oratioue
540 2000 592 2038 non
607 1984 677 2053 defi-

90 2070 169 2119 cerc;
200 2052 268 2125 quia
291 2056 409 2109 muttum
428 2057 501 2110 nutet
520 2055 677 2126 deprecatio

86 2128 163 2199 tosta·
177 2126 302 2181 assiduo.
317 2125 372 2182 Sed
385 2125 447 2208 quis
460 2131 550 2196 pot-st
564 2143 677 2198 semper

93 2199 196 2256 oraret
219 2200 290 2269 Ergo
321 2198 373 2253 linc
393 2197 609 2269 intelligendum
634 2204 678 2255 est

90 2271 125 2328 de
140 2267 315 2342 quotidianis
334 2269 411 2326 boris
426 2269 581 2339 canonicis,
600 2271 678 2343 Juxta

89 2342 176 2399 ritum
191 2339 322 2398 Ecclesia
336 2340 506 2410 constitutis,
522 2349 550 2398 et
564 2359 678 2400 oremus

90 2429 215 2483 semper,
231 2412 337 2469 sriticst
351 2429 401 2484 pro
416 2419 544 2486 tompore
557 2421 584 2471 et
600 2415 678 2471 boris

91 2484 214 2553 debitis;
234 2491 262 2541 et
283 2484 322 2540 sic
338 2501 451 2556 semper
470 2502 526 2541 non
545 2486 678 2556 importat

91 2555 309 2615 continuitatem
327 2556 472 2628 temporis,
484 2557 552 2627 auia
566 2564 679 2629 oportet

91 2629 260 2700 interrumpi
290 2633 419 2700 ternpore
449 2629 631 2685 dormitionis
650 2637 678 2686 et

91 2709 281 2775 quarumnam
311 2700 509 2758 necessitatum
538 2701 677 2774 corporis,

91 2774 142 2831 sed
170 2776 305 2844 importat
344 2772 508 2829 indantiarn
540 2773 678 2830 orationis

90 2845 270 2917 temporibus
280 2850 308 2901 et
322 2844 402 2901 boris
416 2845 451 2901 ad
465 2846 518 2901 boc
530 2845 677 2916 congruis.

90 2918 147 2974 Aut
161 2922 238 2973 certe
274 2915 389 2988 nidquid
398 2918 493 2988 justus
505 2917 573 2973 lacit
591 2923 619 2974 et
634 2917 677 2974 di-

94 2987 144 3053 cit,
165 2932 320 3045 secundum
342 2990 441 3057 Deum,
461 2989 498 3046 ad
520 2988 679 3046 orationem

96 3066 140 3118 est
158 3060 358 3132 reputandum.
383 3062 453 3116 llam
476 3076 587 3132 semper
606 3067 677 3128 urat,

96 3134 145 3205 qui
159 3148 272 3204 semper
295 3133 368 3188 bene
388 3132 464 3190 lacit.
481 3148 533 3188 seu
549 3132 579 3190 in
602 3132 679 3189 bono

96 3209 280 3276 perseverat;
305 3219 358 3260 uec
377 3203 481 3260 desinit
508 3220 601 3274 nrare,
624 3202 679 3260 nisi

96 3291 161 3332 cum
185 3274 291 3332 desinit
307 3276 402 3346 justus
428 3292 497 3332 esse.
517 3275 586 3333 Orat
604 3276 679 3333 enim

96 3363 154 3405 non
169 3347 260 3403 solum
284 3346 400 3417 lingua;
417 3347 466 3404 sod
481 3353 510 3404 et
526 3365 576 3406 cor
592 3355 621 3405 et
635 3363 679 3405 co·

94 3418 207 3490 gitatin,
231 3418 414 3484 desiderium,
434 3436 546 3483 sensus,
567 3436 679 3489 manns,

95 3489 181 3557 oculi,
196 3498 225 3546 et
241 3490 335 3546 omnis
354 3491 481 3563 operatio
506 3493 591 3549 bnua.
615 3495 679 3549 llaec

96 3561 173 3619 enim
188 3563 211 3618 si
229 3577 312 3619 orare
328 3563 510 3632 cesarrrint,
523 3563 616 3621 rrrnnis
628 3563 678 3621 lin·

96 3648 159 3705 guae
174 3633 265 3690 oratio
279 3633 387 3691 inutilis
401 3641 451 3692 est.
478 3638 509 3692 Et
526 3637 579 3693 boc
594 3636 678 3694 mado

95 3720 209 3778 semper
223 3711 252 3762 et
272 3705 335 3763 sine
350 3706 559 3764 intermissione
572 3724 679 3781 possu-

94 3791 160 3834 mus
176 3793 270 3841 orare,
286 3782 315 3834 et
333 3780 369 3835 ab
384 3778 512 3836 oratione
532 3795 590 3836 uon
605 3779 677 3836 deti·

94 3864 170 3905 cere.
198 3849 278 3906 Unde
300 3849 341 3906 ait
363 3852 563 3920 Augustinus:
591 3849 678 3918 «Qui

95 3921 186 3978 Deum
194 3920 301 3989 laudat,
313 3921 421 3994 lingua,
430 3938 485 3978 non
497 3937 610 3992 semper
621 3927 679 3993 pot·

95 3998 153 4060 est;
166 3993 215 4064 qui
231 3993 357 4051 moribus
373 3996 461 4051 Deum
475 3993 581 4053 laudat.
604 4008 678 4051 seru·

65 4116 69 4127 ,
95 4078 148 4136 per
175 4070 278 4135 potest.
294 4085 309 4116 n
337 4066 454 4123 blultuut
484 4073 579 4124 autem
604 4065 679 4122 valet

96 4134 173 4207 apud
203 4137 289 4193 lirum
323 4137 415 4194 oratio
439 4154 501 4194 rum
531 4136 677 4209 tarymts.

97 4205 165 4290 quia
179 4207 254 4264 bano
271 4209 344 4267 Deus
367 4209 458 4281 nragis
477 4209 570 4282 diligit
590 4215 619 4266 et
639 4207 679 4265 ci·

96 4284 155 4340 trus
175 4279 304 4353 exaudit;
324 4281 402 4340 unde
424 4283 549 4357 Angelus
562 4282 599 4340 ad
619 4282 679 4339 To·

729 400 805 457 biam
824 416 831 455 :
847 400 963 467 Quando
982 400 1083 456 modos
1097 416 1158 457 cum
1174 400 1316 471 lacrymis,

729 488 778 540 epo
797 473 886 529 obtati
907 475 1058 528 orationem
1088 479 1165 528 tuom
1185 476 1316 543 Dominu;

730 551 759 601 et
776 543 910 601 ttouiinus
920 561 970 616 per
981 544 1081 601 isaiam
1097 544 1133 600 ad
1146 544 1243 601 Ezerbi
1254 561 1292 601 rm
1307 563 1314 600 ε

731 617 837 673 Audiui·
846 620 995 672 orationem
1004 625 1089 676 tuum.
1102 617 1163 672 uidi
1174 619 1314 687 lacrymas

730 695 801 746 tuos.
819 690 901 755 Nam,
914 694 943 745 ut
960 688 1000 745 ait
1016 692 1208 753 merebamur,
1224 687 1316 746 oratio

731 764 820 819 Deum
835 761 915 827 lenit,
931 761 1054 833 lacryma
1070 760 1159 831 cogit;
1179 762 1239 817 baso
1257 777 1315 818 un-

729 834 780 907 git,
798 832 847 889 illa
862 849 917 897 trun
939 832 969 888 it.
988 835 1029 890 Un
1042 840 1067 889 te
1089 841 1117 887 ct
1134 832 1314 888 Bernartius:

731 928 745 958 n
761 906 782 962 0
796 849 1056 976 tiu-nitrsiarryna,
1064 910 1114 960 tua
1122 909 1163 960 ast
1174 903 1314 975 potantia,

729 984 776 1034 tut
795 983 839 1034 est
856 976 1052 1047 reanigloria,
1070 985 1136 1033 ante
1151 976 1252 1033 laniem
1270 978 1317 1033 ln-

728 1049 800 1106 dicis
815 1049 877 1105 sola
891 1049 1000 1105 intrare
1017 1064 1072 1104 non
1099 1046 1216 1114 vereris,
1232 1047 1319 1117 onid-

730 1118 1320 1193 quidpatierisimnotr.1bis,ar.custtorisi·

730 1194 848 1250 lentium
870 1192 1003 1261 imponis,
1020 1199 1048 1248 et
1063 1191 1236 1263 quandoque
1255 1207 1319 1247 sen·

729 1265 847 1321 tentiam
867 1266 902 1322 ab
922 1280 971 1321 ore
990 1263 1099 1322 luditis
1118 1262 1202 1327 ranis.
1231 1261 1320 1319 vincis

730 1335 932 1400 invincibilm,
946 1335 1016 1406 ligas
1032 1335 1263 1407 omnipotentem
1281 1353 1288 1391 :
1305 1353 1319 1386 n

731 1410 791 1466 baec
807 1410 975 1466 Bernartius.

767 1503 780 1538 a
795 1483 936 1538 Pannsocl
950 1498 983 1536 nn
994 1496 1084 1536 runica
1094 1496 1271 1548 minotauro,
1285 1496 1318 1535 ιτ

730 1572 764 1612 nn
777 1571 859 1610 vtoua
876 1571 954 1610 rrsuu
967 1569 1084 1608 obtura.
1109 1584 1138 1592 -
1155 1554 1188 1608 Et
1203 1552 1238 1606 ad
1255 1567 1317 1618 pro·

732 1627 856 1685 bandum
865 1624 1020 1682 efficaciam
1031 1622 1171 1680 orationis
1183 1622 1318 1692 assiduae,

731 1697 864 1782 proponit
880 1695 1044 1767 parabolam
1059 1696 1094 1751 de
1109 1693 1319 1767 perseverantia

731 1789 761 1828 tn
785 1772 914 1826 oratione
934 1773 962 1824 et
981 1767 1015 1824 de
1035 1768 1098 1839 ejus
1121 1766 1320 1850 exauditione,

733 1842 871 1899 inducens
895 1839 1054 1899 exemnlum
1080 1839 1114 1894 dr
1137 1838 1245 1911 judice,
1270 1854 1321 1910 qut

735 1916 823 1970 Deum
841 1928 897 1968 non
911 1911 1028 1967 timebat
1048 1911 1204 1970 oliendere.
1221 1915 1251 1966 et
1266 1911 1318 1967 bo·

733 1989 840 2042 minem
850 2000 906 2039 non
919 1987 1103 2039 reverebatur
1112 1981 1224 2053 publice
1238 1997 1319 2038 scau·

733 2056 867 2124 dalizare,
889 2070 940 2110 noo
953 2053 1166 2109 dirinn'trmore
1183 2054 1319 2110 moroba-

733 2139 789 2190 tur.
807 2143 858 2183 uec
872 2128 997 2183 humano
1014 2125 1135 2194 pudore;
1148 2124 1221 2181 etde
1235 2123 1320 2182 vidua

733 2204 848 2274 petente
864 2195 1000 2254 vindicari
1021 2197 1056 2253 de
1074 2195 1239 2254 adversario
1256 2212 1319 2265 suo,

733 2272 839 2329 scili-rt
863 2275 894 2326 ut
920 2271 1025 2326 taceret
1049 2269 1102 2326 sibi
1119 2268 1261 2342 justitiam
1285 2271 1319 2326 dc

734 2361 777 2401 eo.
794 2344 883 2411 Quam
903 2342 1017 2399 andem
1038 2344 1074 2399 ob
1099 2343 1189 2399 solam
1208 2341 1319 2470 impor-

734 2415 882 2473 tunitatem
899 2430 1015 2488 precum
1032 2430 1146 2471 sunum
1167 2430 1237 2471 etan
1261 2418 1319 2485 nrt,

736 2505 771 2545 ne
780 2503 844 2544 eum
856 2487 1031 2557 suggillaret,
1043 2486 1068 2541 id
1082 2492 1125 2543 est
1139 2485 1319 2558 suggerendo

733 2576 785 2617 sna
803 2557 1017 2625 importunitate
1035 2558 1209 2626 attenderem
1227 2563 1257 2614 et
1278 2558 1320 2614 le·

734 2630 770 2688 cit
787 2630 875 2686 rictus
891 2631 986 2696 ladio,
1002 2628 1078 2700 quod
1090 2629 1205 2686 nolebat
1224 2629 1319 2686 lacero

733 2702 884 2770 benail-io,
903 2713 998 2759 motus
1013 2704 1047 2756 ad
1066 2701 1226 2757 iacierrdnrn
1235 2699 1323 2772 justi·

735 2775 814 2841 tiam,
831 2790 886 2830 non
910 2780 1026 2845 propter
1047 2788 1174 2830 amorem
1187 2771 1319 2845 justitias,

734 2848 784 2904 sed
798 2847 834 2904 ad
850 2844 1033 2902 evitationem
1048 2861 1107 2901 snae
1118 2843 1264 2900 notetis.
1281 2845 1319 2901 Ex

735 2934 791 2991 qtro
810 2922 888 2991 patet
903 2916 1014 2988 aliquos
1032 2915 1116 2973 bodio
1134 2931 1246 2986 perores
1262 2913 1318 2973 isto

734 3006 808 3055 essa,
825 2991 892 3062 quia
908 3004 959 3044 nec
985 2988 1032 3044 Dei
1056 2987 1170 3055 timore,
1195 3003 1247 3043 neo
1266 2987 1320 3045 bo·

736 3061 845 3119 minum
866 3060 985 3133 pudore.
1005 3074 1058 3115 uec
1071 3059 1167 3130 aliqua
1181 3057 1319 3140 importu-

736 3133 824 3190 nitate
851 3132 950 3188 rolunt
968 3130 1094 3203 gravatis
1117 3130 1258 3198 iustitiam
1278 3130 1321 3187 la·

736 3221 807 3262 cere
827 3206 905 3261 lianc
917 3203 1083 3275 parabolam
1100 3202 1236 3260 Dominus
1254 3201 1320 3259 ideo

736 3277 896 3349 proposuit,
917 3280 948 3331 ut
971 3274 1103 3331 ostendat
1131 3280 1237 3347 quanto
1256 3290 1320 3332 cer·

736 3349 824 3405 tiores
834 3345 1260 3404 deexauditionaessenebeant
1271 3345 1321 3429 qui

736 3422 823 3478 Deum
837 3420 942 3476 iontem
949 3417 1103 3492 justitiaeet
1116 3418 1321 3476 misericordias

734 3497 951 3566 perseveranter
966 3508 998 3548 ro
1019 3496 1078 3554 aut.
1096 3507 1159 3549 cnm
1175 3491 1252 3562 apud
1267 3489 1322 3548 ini·

735 3581 821 3635 qrrnm
835 3563 960 3637 iudicem
973 3508 1094 3621 affuerit
1107 3564 1321 3635 perseverantia

734 3635 913 3710 deprecantis
933 3635 1043 3707 ipsum;
1061 3635 1128 3706 quia
1143 3652 1194 3709 por
1213 3635 1320 3705 impor-

734 3708 882 3766 lunitatem
897 3723 1013 3779 precum
1030 3706 1153 3765 obtinuit
1170 3706 1254 3763 vidua
1268 3721 1322 3831 ps·

734 3780 844 3837 titionis
858 3779 990 3836 effectum
1016 3778 1061 3837 Sic
1074 3781 1149 3834 enim
1165 3777 1252 3834 multo
1278 3792 1323 3834 or·

734 3851 790 3908 tius
805 3854 883 3913 Deus,
895 3849 943 3922 qui
958 3859 1002 3908 est
1015 3851 1107 3908 bonus
1120 3857 1148 3906 et
1156 3850 1263 3920 iustus,
1277 3863 1322 3904 ex-

733 3921 831 3981 audiet
842 3938 949 3995 preces,
964 3931 993 3979 et
1005 3925 1090 3990 societ
1105 3920 1322 4001 uindictamunle·

734 4000 838 4051 ntorum
851 4011 974 4057 suornm.
990 3993 1019 4050 in
1038 4008 1172 4065 pressura
1187 3997 1215 4048 et
1229 3991 1318 4047 tribu·

734 4065 841 4123 latione
853 4065 1033 4123 existentium
1045 4069 1074 4121 et
1090 4065 1269 4118 clamantium
1284 4061 1322 4119 od

734 4154 772 4201 se,
792 4139 837 4193 die
852 4155 884 4194 oo
898 4143 983 4197 nocte.
1004 4135 1033 4192 id
1054 4139 1098 4191 est
1116 4133 1261 4191 orantium
1274 4133 1320 4190 in-

735 4217 844 4267 stanter
881 4225 912 4266 ro
928 4224 979 4265 sua
992 4206 1163 4265 liberatione
1180 4212 1208 4263 et
1221 4206 1318 4264 decla·

733 4226 1092 4355 rationctfirinaejustitie.
1106 4277 1319 4342 advertendum
