2820 4928
462 365 503 418 bn
531 367 649 420 velnis
680 366 879 426 linteolis,
910 368 980 419 tlt.
1307 374 1336 427 45

100 473 253 545 quievi.Et
261 469 463 528 attendendum
473 470 549 541 quod
559 471 687 529 Christus

101 545 233 617 gaudens
243 542 373 614 imposuit
381 557 461 598 ovem
471 542 597 599 humeris
606 542 683 600 suis:

102 619 182 687 quia,
198 613 264 671 licet
283 628 402 686 magnus
418 612 503 670 luerit
517 613 598 671 dolor
617 617 685 672 Pae·

102 689 192 742 sionis
206 692 235 742 et
245 684 350 753 mortis,
362 701 417 757 quo
430 686 687 757 genushumauum

103 755 249 830 requisivit
264 761 291 812 et
308 755 435 814 humeris
449 758 583 831 imposuit
610 761 687 814 bunc

102 837 197 886 tamen
213 832 241 886 el
253 827 382 886 laborem
393 832 422 886 et
441 829 570 887 dolorem
585 802 687 887 laetan·

100 905 145 958 ter
156 898 298 969 sustinuit,
310 906 343 957 ut
352 900 495 972 perditam
508 917 591 959 ovem
605 917 686 959 recu·

97 973 357 1046 peraret.1nventa
380 975 476 1029 aulem
491 988 555 1045 ove,
578 973 615 1030 ad
634 973 686 1030 do·

99 1060 179 1101 mum
192 1043 288 1113 venit;
301 1042 381 1115 quia,
401 1048 534 1114 reparato
558 1045 675 1100 homine

99 1117 137 1173 ad
163 1116 276 1173 coeleste
299 1129 425 1187 regnum
441 1113 538 1184 rediit,
560 1114 597 1171 ad
610 1086 688 1186 quod

98 1202 165 1244 cum
176 1203 229 1243 ove
246 1201 378 1243 reversus
392 1191 445 1254 eet,
461 1186 688 1257 quandocoelum

101 1256 241 1325 ascendit,
255 1264 283 1314 et
292 1259 433 1328 captiuam
443 1271 539 1313 secum
551 1257 635 1312 ducit
647 1273 689 1313 co·

100 1331 272 1401 pticitotem.

137 1400 294 1467 iGaummr
319 1399 499 1466 Anounonurn
515 1414 641 1456 nasronrs
656 1419 688 1457 rr

99 1472 223 1528 Gnarsrr.
238 1473 320 1527 -Et
335 1474 474 1527 convocat
489 1468 594 1526 amicos
608 1479 635 1528 et
648 1472 685 1529 vi-

95 1545 189 1610 cinos,
199 1541 308 1598 scilicet
320 1542 495 1622 Angelorum
507 1541 609 1622 choros
634 1543 683 1616 qui

95 1613 181 1671 amici
197 1613 258 1685 ejus
288 1619 366 1683 sunt,
396 1627 464 1684 quta
490 1628 552 1684 eJus
578 1630 684 1671 vonn-

95 1692 182 1743 tatem
198 1683 334 1742 continuo
350 1684 523 1753 custodiunt,
543 1689 571 1741 ct
587 1683 682 1760 vicini,

98 1756 166 1829 quia
184 1756 315 1814 claritate
332 1753 448 1811 visionis
466 1756 556 1829 ipsius
573 1757 682 1816 assidue

115 1829 291 1897 erlruuntur,
311 1828 404 1883 dicens
422 1828 504 1883 illie:
526 1828 682 1898 congratu-

95 1845 197 1956 lemini
214 1902 293 1969 milti,
320 1906 349 1956 et
372 1899 455 1954 simul
471 1914 594 1969 mecum,
614 1905 683 1972 quin

96 1973 190 2027 inveni
203 1988 277 2027 eoem
296 1987 394 2040 meam,
406 1986 466 2042 qaae
481 1973 613 2042 perierat.
635 1976 682 2030 Se·

96 2045 219 2099 cundum
242 2043 414 2112 &egerium
438 2058 497 2100 non
512 2041 591 2111 dicit,
611 2059 680 2101 con·

92 2113 289 2188 gratulamini,
304 2113 427 2171 inventae
446 2113 502 2182 ori,
521 2113 571 2170 sed
591 2115 680 2186 mihi;

94 2186 162 2259 quia
175 2187 308 2244 videlicet
328 2185 462 2259 gaudium
485 2185 549 2256 ejus
564 2193 605 2243 est
622 2190 682 2245 vita

93 2264 201 2326 nostra,
217 2266 245 2314 et
258 2272 323 2314 eum
336 2273 388 2314 noe
401 2258 437 2314 ed
452 2260 555 2313 coelum
566 2259 680 2316 reduci-

92 2345 168 2399 mur,
183 2328 393 2386 solemnitatem
414 2330 521 2386 letitiae
537 2328 613 2386 illios
627 2332 679 2388 im·

111 2401 283 2473 lemusvel,
296 2400 361 2458 ideo
377 2400 633 2474 congratulandum
645 2404 681 2459 si-

91 2418 187 2529 giesi:
201 2472 270 2546 quia
284 2488 342 2529 non
355 2472 458 2529 trustra
470 2472 680 2543 laboravit,nec

92 2545 201 2602 frustra
213 2551 343 2601 mortuus
356 2549 407 2613 est,
418 2560 514 2616 exque
527 2560 608 2602 ovem
616 2563 678 2619 per·

89 2615 181 2672 ditem
200 2615 325 2685 invenit;
341 2614 385 2671 ovi
399 2631 465 2672 vero
481 2632 539 2672 non
553 2621 597 2673 est
612 2634 677 2675 eon·

90 2687 306 2770 gratulandum,
318 2686 385 2759 quia
399 2687 483 2744 nullis
495 2689 553 2744 suis
568 2690 678 2747 meritis

90 2767 208 2816 inventa
222 2764 275 2818 eat.
291 2760 324 2815 Et
338 2759 493 2833 subjungit,
504 2762 675 2818 concluden-

90 2831 151 2887 do:
172 2833 239 2887 Dico
265 2831 341 2886 uobis
362 2846 369 2886 :
388 2831 466 2898 Quod
484 2834 526 2887 ita
542 2833 677 2900 goudium

89 2904 187 2959 critiri
201 2903 274 2968 coelo,
297 2917 379 2974 attper
390 2918 444 2959 arto
461 2907 602 2973 peccatore
615 2919 677 2974 poe-

89 2976 239 3029 nitentium
260 2981 365 3043 agente,
381 2990 466 3045 quam
489 2988 573 3043 super
592 2988 677 3029 nono·

90 3047 172 3113 ginta
185 3061 277 3102 nonen
290 3046 389 3116 justis,
405 3047 456 3126 pei
471 3059 527 3098 non
550 3044 678 3124 indigent

88 3118 270 3187 penitentie:
302 3132 359 3173 non
387 3116 456 3172 dicit
483 3121 677 3185 poemtentnam

90 3185 244 3259 cogitante,
252 3204 315 3260 quae
328 3193 370 3245 cst
383 3184 553 3259 poenitentia
563 3202 675 3257 procra-

88 3256 249 3330 stinorum;
267 3276 319 3317 nec
329 3259 398 3316 dicit
414 3256 612 3330 poeuitentiam
629 3259 676 3315 do·

90 3335 255 3403 cautequae
264 3329 482 3404 estpoeniteutia
490 3331 675 3389 verbosorum

89 3403 327 3474 praedicatorum
339 3418 391 3459 nec
399 3402 468 3458 dicit
478 3403 675 3474 poenitentiam

90 3474 270 3544 ostendente,
283 3489 348 3547 quae
361 3474 607 3546 estpoenitentiab
627 3491 674 3557 po·

88 3547 226 3601 critarum
250 3552 280 3603 et
302 3546 517 3613 simulatorum;
535 3545 585 3602 sed
606 3491 676 3604 {icit

87 3615 290 3689 poenitentiam
315 3621 427 3690 agente,
444 3632 507 3689 quae
523 3621 565 3674 est
581 3618 674 3689 poeui-

87 3690 179 3745 tentia
194 3690 371 3747 devotorum.
384 3691 446 3746 Non
464 3696 508 3745 est
523 3704 590 3761 ergo
605 3706 675 3773 gau·

86 3758 214 3818 dendum
223 3762 406 3821 solummodo
421 3761 457 3817 de
480 3762 677 3833 redemptione

85 3830 202 3904 generis
220 3835 337 3891 humani
346 3851 355 3903 ς
371 3833 606 3904 aedquecumque
620 3832 675 3889 bo·

87 3918 122 3958 ra
134 3906 311 3962 convertitur
324 3920 396 3961 unus
408 3910 549 3975 peccator,
565 3905 597 3961 fit
608 3921 674 3978 gau-

88 3972 168 4032 dium
181 3978 296 4050 Angelis
316 3975 376 4045 Dei,
394 3991 428 4031 eo
449 3977 525 4047 quod
542 3993 675 4033 numerus

88 4048 676 4176 eornmsirppleatur,exconversionepec-

86 4123 227 4176 catorum.
267 4120 321 4176 nde
333 4128 375 4176 avt
388 4120 564 4191 Augustinus
578 4136 584 4175 :
599 4121 673 4187 «qu

84 4202 139 4260 per
162 4191 363 4320 penitentiam
390 4198 538 4261 peceatum
567 4191 673 4261 diluit,

84 4275 160 4334 ange
175 4261 226 4320 'cte
241 4263 385 4320 felicitatis
399 4265 428 4319 in
444 4269 587 4320 eternum
603 4278 674 4319 ron-

87 4346 149 4391 sors
161 4333 228 4406 erit,
252 4333 319 4394 binc
333 4338 378 4392 est
398 4334 474 4408 quod
487 4350 574 4408 super
600 4350 674 4392 cou-

742 470 871 528 versione
887 471 1054 540 peccatoris,
1067 472 1144 528 velut
1154 473 1190 528 dc
1201 488 1253 529 suo
1264 489 1329 530 con-

741 550 825 609 sorte,
842 543 941 613 Angeli
956 542 985 597 in
1000 543 1071 598 coelo
1086 544 1212 613 gaudere
1227 543 1326 602 dicun·

741 621 797 671 tur.
812 635 827 664 »
843 616 924 685 Nam,
939 620 969 669 ut
984 612 1052 670 dicit
1071 614 1201 684 Origenes
1219 632 1226 672 ε
1244 635 1259 668 «
1275 619 1330 674 Noe

740 686 855 759 Angelis
870 685 909 749 ;in
928 684 1008 742 coelis
1027 687 1206 743 occasionem
1232 688 1329 758 gaudii

739 758 912 884 praebemue,
928 772 993 813 cum
1009 766 1212 829 superterram
1227 761 1328 817 ambu-

750 836 833 886 antes
849 827 1096 886 conversationem
1108 828 1138 885 in
1148 830 1228 886 coelis
1240 832 1326 889 habe·

740 916 839 957 mus.»
854 901 1014 958 Secundum
1024 901 1212 967 Ambrosium,
1223 903 1324 985 Angeli

740 973 878 1043 quoniam
891 970 1076 1030 rationabiles
1098 978 1173 1042 suut,
1198 990 1255 1032 non
1272 991 1325 1032 vm·

742 1045 845 1100 merito
855 1043 1003 1099 hominum
1017 1045 1213 1115 redemptione
1229 1048 1327 1104 laetan-

743 1122 800 1182 tur,
816 1129 990 1194 quamquam
1002 1117 1057 1171 hoc
1073 1131 1185 1198 quoque
1201 1118 1332 1188 proficiet

743 1185 780 1240 ad
796 1184 940 1241 incentiva
955 1187 1115 1256 probitatis,
1130 1203 1155 1244 si
1179 1189 1329 1260 unusquis-

745 1271 802 1327 que
817 1255 1033 1312 conversionem
1046 1272 1126 1313 suam
1141 1266 1252 1330 gratam
1268 1261 1329 1318 lore

743 1327 842 1384 credat
862 1328 985 1384 coetibus
1006 1327 1191 1400 Angelorum,
1211 1346 1331 1402 quorum

743 1407 794 1455 aut
813 1398 950 1456 affectare
963 1398 1164 1470 patrocinium,
1181 1408 1231 1459 aut
1246 1419 1331 1460 vere-

742 1469 767 1526 ri
794 1471 878 1527 debel
893 1470 1034 1527 offensam
1053 1488 1060 1540 ;
1081 1479 1154 1528 etto
1174 1474 1261 1546 igilur
1276 1477 1333 1531 An·

739 1541 813 1668 pelis
839 1547 901 1599 esto
929 1541 1041 1598 occasio
1063 1543 1192 1614 laetitia,
1218 1553 1246 1601 et
1283 1563 1330 1603 au·

759 1619 825 1669 eant
845 1614 880 1670 de
894 1622 941 1670 tuo
957 1613 1061 1672 reditu.
1080 1617 1158 1673 Unde
1172 1619 1213 1673 ait
1224 1620 1262 1674 Be
1320 1635 1327 1675 :

741 1703 755 1737 e
769 1685 855 1742 Ovem
870 1701 939 1756 ergo
952 1686 1088 1742 Dominus
1099 1686 1219 1758 invenit,
1232 1705 1328 1762 quen-

739 1756 775 1813 do
806 1758 952 1813 bominem
976 1761 1157 1827 restauravit,
1185 1768 1214 1817 et
1242 1778 1329 1832 super

739 1844 801 1885 eam
815 1828 963 1886 inventam
977 1832 1071 1903 majus
1086 1832 1223 1903 gaudium
1237 1839 1281 1889 est
1295 1833 1326 1890 in

739 1901 822 1964 coelo,
839 1916 923 1972 quam
940 1917 1026 1972 super
1039 1902 1198 1974 nonaginta
1213 1920 1327 1975 novem,

739 1971 807 2043 quia
818 1973 911 2044 major
926 1975 1046 2028 materia
1061 1973 1165 2030 dvvinae
1178 1975 1270 2032 laudis
1285 1982 1329 2033 est

740 2044 770 2098 iu
782 2045 990 2099 restauratione
1013 2043 1171 2112 bominum,
1193 2048 1327 2117 quentin

738 2113 882 2170 creatione
900 2115 1085 2186 Angelorum.
1105 2115 1273 2174 Mirabiliter
1287 2128 1326 2175 et·
1403 2135 1405 2138 ·

740 2185 816 2242 enim
831 2187 952 2259 Angelos
965 2185 1071 2243 creavit
1079 2204 1086 2257 ;
1104 2187 1155 2244 sed
1168 2188 1325 2248 mirabilius

738 2257 868 2314 homines
890 2258 1062 2315 restauravit
1084 2278 1092 2314 :
1117 2279 1132 2313 o
1154 2261 1216 2318 haec
1237 2263 1323 2320 neco.

738 2330 870 2397 Quamvis
885 2347 953 2404 ergo
968 2336 1065 2402 pastor
1080 2332 1170 2389 multo
1185 2333 1250 2405 plus
1264 2333 1325 2391 dili·

736 2406 786 2528 pat
798 2418 864 2458 oves
880 2405 1038 2473 nonaginta
1052 2419 1166 2474 novem,
1183 2420 1269 2476 quam
1282 2421 1325 2462 so-

747 2489 794 2530 em
808 2475 1012 2543 centesimam3
1029 2473 1123 2531 tacitis
1136 2480 1234 2532 tamon
1245 2476 1323 2548 aliis,

736 2545 771 2601 de
798 2553 959 2603 restaurata
976 2545 1073 2602 multis
1092 2547 1183 2603 modis
1210 2562 1240 2604 se
1259 2564 1326 2620 gau·

735 2617 803 2673 dere
824 2617 959 2674 ostendit.
981 2618 1026 2673 Sic
1055 2634 1168 2690 quoque
1194 2620 1324 2677 Salvator

734 2688 770 2744 de
784 2689 965 2761 reparatione
986 2689 1111 2746 bominis
1130 2692 1222 2762 magis
1245 2708 1321 2764 gau-

734 2759 791 2829 det,
810 2762 863 2817 hoc
878 2767 920 2816 est
934 2760 1025 2831 magis
1044 2770 1072 2816 et
1085 2762 1215 2834 pluribus
1230 2779 1323 2836 argu·

733 2831 838 2886 mentis
850 2830 975 2886 ostendit
989 2845 1021 2885 se
1033 2836 1171 2901 gaudere,
1185 2848 1272 2912 qnam
1287 2835 1322 2890 de

733 2901 906 2970 Angelorum
916 2899 1088 2967 stabilitate;
1104 2901 1322 2960 usitatissimum

735 2970 841 3025 etenim
854 2975 905 3039 est,
917 2975 950 3024 ut
965 2973 1095 3039 quemvis
1110 2983 1175 3027 enm
1210 2973 1252 3028 lue
1265 2991 1323 3030 non

735 3039 897 3112 diligamns,
915 3041 1054 3111 maiorem
1074 3046 1172 3098 tamen
1190 2987 1321 3101 factitiam

735 3112 770 3167 dc
783 3110 831 3166 illo
846 3111 992 3182 iaciamus,
1029 3128 1093 3170 uem
1108 3115 1143 3170 tle
1157 3113 1258 3187 mejeri
1275 3131 1319 3188 pe·

734 3184 823 3240 riculo
843 3183 957 3241 liberari
980 3128 1119 3243 vigemus.
1149 3186 1227 3244 Sicut
1250 3205 1319 3262 ergo

731 3261 830 3328 pastor
848 3256 953 3328 gaudet
967 3257 1082 3330 speciali
1101 3259 1204 3332 gaudio
1221 3261 1255 3319 de
1269 3264 1318 3319 in-

733 3327 865 3386 ventione
880 3328 964 3385 unius
979 3331 1049 3401 ovis,
1069 3348 1126 3389 nou
1142 3335 1209 3406 quin
1224 3337 1316 3407 magis

732 3400 811 3458 iliam
835 3402 924 3458 solam
944 3419 1029 3474 quam
1048 3420 1147 3462 omnes
1165 3408 1236 3464 alias
1255 3406 1317 3464 dili·

731 3484 788 3546 gat,
814 3473 865 3530 sed
879 3475 946 3546 quia
960 3474 989 3532 in
1009 3492 1043 3532 ea
1058 3478 1145 3534 babet
1161 3479 1315 3550 specialem

730 3545 872 3603 rationem
885 3546 1132 3620 gaudendi,quam
1145 3551 1174 3606 in
1185 3550 1249 3606 eliis
1260 3565 1316 3605 non

730 3618 868 3685 babebat;
883 3634 922 3674 sic
938 3622 1012 3676 Deus
1027 3623 1061 3676 cte
1076 3620 1240 3677 reversione
1256 3638 1317 3692 pec-

731 3692 833 3745 catoris
846 3689 931 3746 babet
941 3690 1094 3763 specialem
1102 3691 1242 3750 rationem
1250 3707 1317 3763 gau·

731 3760 782 3838 dii,
792 3777 877 3833 quain
892 3778 948 3818 nou
961 3764 1048 3820 babet
1061 3764 1097 3820 de
1112 3767 1216 3821 ceteris
1232 3766 1260 3818 in
1273 3764 1315 3833 ju·

730 3832 807 3888 stitia
826 3834 1074 3904 permanentibus:
1094 3837 1195 3892 ceteris
1223 3842 1318 3890 tamen

730 3905 856 3976 poribus,
871 3915 1070 3975 permanentes
1087 3909 1116 3963 in
1127 3904 1239 3977 iustitia
1253 3912 1319 3959 sunt

731 3977 788 4031 Deo
808 3976 898 4048 magis
913 3978 1020 4035 dilecti.

766 4053 781 4102 5
806 4049 966 4106 Monaurran
997 4067 1030 4104 oa
1055 4063 1190 4104 nonnanis
1222 4060 1254 4098 er
1285 4062 1318 4099 ou

729 4136 886 4176 nnecnonuv
907 4139 1027 4178 ueneno.
1043 4119 1146 4171 -Per
1173 4113 1320 4171 hominem

730 4197 844 4248 centum
859 4208 926 4249 oves
942 4194 1094 4247 habentem
1114 4183 1263 4241 moraliter
1273 4185 1318 4242 si-

729 4263 883 4334 gnificatur
921 4260 1057 4318 raesidens
1076 4255 1261 4328 monasterio,
1277 4259 1321 4316 vel

729 4335 874 4407 Ecclesia,
896 4278 1007 4391 Kabana
1029 4326 1161 4388 subditos
1185 4327 1217 4387 in
1242 4346 1320 4406 quo-
