2820 4928
152 375 168 427 2
531 368 690 424 SECUNDAE
717 367 836 419 [tantis
864 367 968 418 cinti
995 368 1004 417 l

155 551 189 607 de
208 551 298 620 capite
314 547 427 611 anime,
444 547 530 602 idest
549 547 701 601 demente.

189 626 206 677 5
227 621 360 677 Cnnrsrus
380 634 532 674 mscuueos
557 632 737 673 rsrsnnoear.

154 479 295 536 tributum
309 476 375 533 fidei
388 476 523 548 exigeret,
532 474 608 545 quod
622 472 740 529 solvitur
769 502 771 525 :
793 472 862 528 lacit
874 472 909 528 ad
921 472 1058 527 doctrinae
1072 480 1099 527 et
1109 471 1308 527 aedificationis
1320 473 1380 527 fru-

768 530 772 581 Ι
793 550 889 611 ctum3
907 543 992 603 mala.
1013 543 1047 598 ad
1069 544 1282 599 detrimentum.
1300 545 1380 599 Unde

793 615 932 683 Oripenes:
946 635 959 666 n
977 616 1167 685 Interrogavit
1181 615 1312 670 Cbaistus
1332 616 1376 669 di·

154 724 188 734 -
201 696 247 761 Et,
264 706 328 748 cum
349 696 423 747 esset
436 690 513 746 solus
528 704 613 743 orans
634 689 663 743 in
682 687 738 755 ria,
793 688 926 755 scipulos,
952 692 983 741 ut
1009 701 1060 741 nos
1086 702 1197 756 semper
1221 693 1381 741 scrutemur

153 764 343 833 interropobat
357 763 507 833 discipulos
517 775 591 824 suos,
604 760 740 829 nonquia
767 738 771 833 Ι
793 759 886 828 qualis
902 757 998 826 opinio
1023 758 1060 812 sit
1088 758 1161 827 apud
1192 758 1321 813 bomines
1346 759 1379 812 de

154 835 308 906 dubitaret,
323 834 366 889 vel
381 834 536 905 ignoraret,
546 837 574 885 et
587 837 617 886 ut
631 828 739 900 aliquid
768 838 770 845 '

153 905 294 977 disceret3
323 906 372 961 sed
400 910 431 958 ut
453 919 503 959 cos
528 902 676 958 veritatem
698 901 738 956 in-

152 981 277 1033 strueret
303 982 332 1033 et
358 977 485 1042 doceret,
502 978 530 1028 et
545 988 672 1028 errorem
686 973 739 1027 bn·

152 1049 262 1105 minum
287 1064 338 1118 per
355 1046 571 1118 responsionem
586 1042 743 1114 discipulo·v

151 1134 216 1175 rum
230 1118 390 1175 eliminaret
406 1135 412 1175 :
428 1115 506 1185 item,
522 1114 603 1171 ntcis
617 1113 739 1171 occasio-

151 1205 218 1246 nem
244 1188 372 1247 meremli
398 1189 495 1256 deret,
528 1191 556 1243 et
582 1202 634 1241 nos
658 1186 737 1242 fideli

151 1277 251 1318 eorum
266 1262 455 1328 confessione,
467 1260 496 1314 in
511 1258 566 1315 fide
579 1257 734 1313 solidaret:

152 1333 229 1403 item,
246 1339 277 1388 ut
300 1333 385 1389 fldem
407 1331 522 1387 illorum
540 1344 593 1401 per
606 1344 737 1409 ¹sequen·

150 1407 208 1459 tem
223 1403 455 1474 approbationem
479 1405 508 1456 et
523 1410 737 1472 promissionem

150 1472 180 1529 in
196 1475 263 1544 ipsis
276 1474 377 1529 lortius
396 1472 596 1537 confirmarem
611 1484 644 1526 ee
658 1468 738 1525 dille·

150 1546 274 1600 rentiam
300 1544 498 1616 Apostolorum
521 1549 550 1599 et
565 1542 734 1612 populorum

150 1615 346 1671 confirmando
371 1616 542 1671 ostenderet.
565 1612 733 1684 Exploratu-

149 1701 198 1741 rus
214 1687 310 1742 autem
331 1686 415 1741 bilem
435 1684 638 1756 discipulorum
657 1685 734 1754 prius

149 1756 402 1829 tulgisentcnliam
412 1755 615 1827 inquirit;quia
628 1755 734 1811 confir·

149 1835 278 1885 maturus
294 1845 342 1884 eos
360 1830 387 1884 in
408 1828 474 1895 fide,
489 1826 567 1898 prius
586 1826 735 1896 opiniones

149 1904 177 1954 et
191 1916 303 1956 errores
318 1901 467 1956 alioruma
482 1899 624 1954 mentibus
634 1913 733 1953 eorum

148 1986 295 2028 removere
309 1972 408 2038 voluit,
428 1976 459 2027 ut
483 1973 518 2025 de
542 1970 660 2025 veritate
685 1985 733 2025 eos

147 2042 249 2099 melius
258 2043 433 2099 informaret.
445 2042 490 2098 Sic
501 2042 600 2096 doctor
609 2043 733 2111 Evange-

147 2112 220 2170 licus
239 2113 323 2170 debet
339 2114 432 2185 primo
447 2128 560 2168 errores
574 2111 730 2182 destruere,

147 2191 179 2239 ut
196 2184 296 2240 melius
311 2186 398 2255 possit
412 2184 557 2239 veritatem
573 2183 730 2239 adstruere.

146 2256 250 2312 Volens
267 2271 335 2327 ergo
350 2254 485 2311 Dominus
495 2270 607 2309 errores
619 2254 731 2325 erponi,

146 2331 187 2396 ut,
215 2324 256 2382 eis
271 2324 401 2397 expulsis,
426 2323 554 2397 discipuli
583 2324 731 2381 veritatem

145 2397 301 2524 Broleranb
317 2414 374 2453 non
387 2398 463 2469 vulgi
477 2397 622 2468 opinione,
636 2396 684 2452 sed
699 2413 732 2452 er

171 2468 258 2524 omini
278 2468 462 2536 revelatione,
483 2467 673 2538 interropobet
686 2469 731 2523 di-

145 2542 267 2610 sct'pulos
293 2556 366 2609 suos,
385 2541 502 2596 dicens:
526 2542 609 2608 Quem
636 2540 732 2596 dicunt

145 2612 277 2676 homines,
296 2620 323 2667 et
345 2613 436 2668 turbae
456 2611 597 2682 vulgares,
613 2626 669 2667 esse
685 2614 731 2667 Fi·

146 2682 215 2737 lt'um
240 2684 387 2738 bominis?
405 2682 433 2738 id
451 2687 494 2737 est
518 2678 652 2754 Virginis.
674 2682 731 2738 Hoc

143 2751 198 2808 soli
222 2754 335 2810 Christo
358 2753 513 2810 convenit:
535 2755 624 2809 Adam
653 2752 730 2810 enim

144 2820 199 2880 luit
225 2826 301 2882 lilius
329 2832 423 2896 terras,
438 2825 485 2882 elii
502 2823 553 2882 blii
570 2825 728 2895 hominum,

144 2896 214 2968 quia
229 2914 262 2954 ex
277 2904 398 2971 utroque
424 2898 581 2972 gignuntur
594 2905 731 2969 parente,

142 2968 193 3024 secl
212 2972 289 3027 solus
309 2968 437 3028 Christus
465 2969 520 3027 luit
543 2970 619 3028 silius
646 2968 730 3026 unius

142 3037 277 3110 hominis,
290 3044 359 3113 quia
379 3059 437 3099 non
455 3044 508 3098 nisi
524 3057 611 3098 uuum
626 3057 728 3111 paren-

142 3113 201 3165 tem
227 3114 327 3167 habuit
357 3114 386 3166 in
406 3120 493 3179 terra,
518 3113 558 3167 sic
584 3128 674 3167 unum
699 3113 729 3166 in

143 3180 225 3236 coelo.
245 3183 334 3237 Vocat
354 3197 388 3246 se·
404 3182 491 3236 etiam
506 3195 564 3235 non
579 3178 670 3235 solum
686 3180 729 3234 Fi·

141 3246 214 3306 lium
231 3251 291 3322 Dei,
313 3250 365 3307 sed
392 3249 524 3316 bominis,
545 3250 656 3306 ratione
674 3250 727 3305 bu·

142 3318 288 3391 militatis;
302 3320 380 3447 quod
406 3328 449 3378 est
470 3325 568 3378 contra
591 3319 663 3387 illos,
678 3318 728 3392 qui

141 3405 254 3463 semper
272 3410 306 3447 vo
320 3397 371 3448 unt
397 3409 426 3449 se
446 3408 464 3449 a
486 3392 610 3464 digniori
635 3393 727 3448 nomi·

140 3476 220 3531 nare,
239 3471 267 3520 et
282 3465 404 3537 majores
417 3480 477 3521 sues
519 3463 668 3531 erentelae.
682 3470 727 3520 ta·

140 3533 205 3590 citis
217 3537 328 3605 ceteris,
343 3536 477 3618 allegare.
492 3481 653 3593 iocundum
665 3538 727 3592 ilic-

139 3618 295 3678 ronpmum,
309 3623 367 3663 non
377 3608 459 3663 dicit:
472 3609 562 3676 Quem
573 3623 616 3663 mo
631 3604 728 3665 dicunt

140 3689 200 3733 esee
214 3678 364 3736 homines?
384 3680 461 3736 Licet
481 3681 515 3737 de
539 3696 569 3736 se
587 3679 728 3753 intellige·

138 3750 192 3819 ret,
209 3767 244 3806 nc
262 3753 405 3822 jactanter
427 3751 462 3807 de
485 3767 514 3808 se
538 3767 669 3824 quaerere
684 3751 725 3808 vi·

137 3814 265 3890 deretur,
280 3823 328 3879 scd
353 3822 431 3888 dicit,
451 3830 607 3880 secuudum
636 3824 725 3895 elrp-

136 3898 296 3963 rocconem,
312 3893 415 3950 Filium
427 3894 563 3965 bominis;
584 3895 652 3968 quia
667 3896 724 3951 dis·

136 3967 335 4032 pensationem
345 3964 551 4023 lucarnationis
563 3967 641 4023 credi
654 3967 723 4036 vult,

135 4043 164 4095 et
188 4039 218 4094 in
242 4036 447 4094 contessionem
476 4037 619 4094 devenire.
643 4038 725 4093 Simi-

134 4102 202 4167 liter
227 4106 337 4181 prielati
356 4124 390 4165 ac
412 4107 545 4164 doctores
570 4113 599 4164 et
626 4111 725 4181 magni

133 4180 267 4239 homines
283 4178 422 4238 deberent
436 4179 582 4251 inquirere
598 4179 634 4235 de
648 4180 724 4237 lame

132 4268 185 4310 sua
201 4268 218 4308 a
233 4249 446 4310 collateralibus
467 4252 545 4323 suis,
565 4250 634 4322 quia
646 4251 723 4308 bona

131 4322 210 4383 tame
222 4322 347 4382 doctoris
364 4328 393 4384 et
406 4321 586 4398 presidentis
599 4320 721 4380 multum

793 827 876 884 nobis
886 844 893 884 :
903 832 942 889 ut.
958 827 1063 897 siquid
1080 828 1266 885 maledicitur
1277 830 1311 883 de
1326 846 1379 883 uo·

794 898 847 969 bis,
868 899 1029 955 occasiones
1049 902 1125 955 illius
1140 898 1343 970 praecidamus3
1357 901 1379 955 si

792 972 862 1041 quid
878 978 975 1026 autem
988 971 1067 1040 boni,
1083 973 1144 1042 ejus
1157 969 1320 1027 occasiones
1332 988 1381 1027 au-

792 1058 920 1113 geamus
936 1044 990 1098 Sed
1020 1048 1048 1099 et
1074 1043 1204 1112 discipuli
1232 1044 1380 1113 Episcopo·

791 1126 855 1168 rum
874 1113 1051 1168 instruuntur
1066 1116 1262 1185 Apostolorum
1283 1131 1379 1169 exem·

792 1184 849 1254 plo.
866 1191 895 1239 ut
918 1185 1140 1255 qualescumque
1159 1187 1306 1255 opiniones
1325 1202 1376 1241 au·

792 1254 897 1311 dieriut
911 1256 988 1323 loris,
1005 1257 1039 1311 de
1055 1255 1284 1327 Episcopis'suis,
1302 1258 1377 1312 rele-

780 1334 855 1381 rant
870 1328 918 1383 eis.
936 1346 949 1378 „
972 1331 1002 1382 ln
1029 1328 1082 1383 boe
1108 1333 1203 1383 autem
1224 1330 1300 1397 quod
1328 1331 1378 1382 bo-

791 1398 885 1451 minus
898 1399 934 1453 ab
958 1399 1097 1467 Apostolis
1112 1401 1241 1468 qrimsivit
1267 1400 1301 1454 de
1321 1400 1377 1454 lide

790 1466 949 1533 turbarum,
963 1470 1041 1524 dedit
1052 1469 1210 1540 intelligere
1220 1472 1296 1540 quod
1307 1487 1376 1540 prar-

773 1537 840 1594 'lati
866 1540 1004 1596 reddituri
1028 1549 1094 1597 sunt
1111 1543 1251 1597 rationem
1269 1542 1375 1597 deiide

788 1611 979 1666 subditorum.

826 1687 842 1749 lp
874 1684 964 1738 Vanus
993 1701 1136 1742 renitantur
1169 1701 1311 1759 omittimus
1343 1703 1375 1739 oe

789 1752 918 1810 Cunrsro.
934 1782 967 1793 -
986 1757 1020 1810 st
1033 1758 1100 1827 quia
1120 1758 1154 1812 dc
1171 1756 1281 1810 Cbristo
1296 1763 1377 1811 erant

789 1828 876 1880 varim
892 1826 1041 1895 opiniones
1067 1830 1094 1883 in
1123 1827 1236 1899 populo,
1255 1827 1319 1881 ideo
1333 1829 1376 1881 di-

789 1897 889 1966 scipuli
912 1900 1120 1968 responderunt
1144 1897 1276 1964 dicendo,
1297 1900 1374 1968 quod

788 1966 837 2022 alii
866 1966 993 2025 dicerent
1006 1985 1072 2025 eum
1088 1987 1147 2026 esse
1165 1969 1305 2025 loannem
1321 1973 1375 2025 Ba·

788 2039 912 2108 ptistam,
927 2042 975 2110 qui
996 2042 1025 2096 in
1048 2050 1129 2097 utero
1145 2042 1244 2096 matris
1271 2040 1375 2110 positus

787 2110 929 2166 sentiebat
941 2113 1053 2167 Dirmini
1070 2114 1261 2182 praesentiam,
1275 2120 1301 2166 et
1314 2130 1375 2183 pro·

788 2187 850 2250 pter
866 2182 1050 2253 baptismum,
1061 2191 1089 2239 et
1103 2192 1218 2256 propter
1228 2185 1292 2239 vitan
1307 2185 1374 2239 emi-

788 2252 1370 2326 nentiam;qu'usopinionisluitHerodes

789 2330 817 2378 et
834 2320 878 2379 sni
905 2339 1049 2396 sequaces.
1075 2326 1153 2383 Unde
1181 2326 1371 2396 Tbeopbc'lus:

788 2414 803 2445 «
830 2393 908 2451 blulti
925 2413 1047 2469 namque
1071 2400 1208 2469 putabant
1230 2401 1306 2468 quod
1327 2399 1373 2455 Jo-

786 2469 1374 2537 annesemortuissurrexisset,sicutctHe·

785 2540 1373 2612 rodescrcdebat,etpostrcsurrectionem

784 2624 865 2666 suam
894 2613 1031 2669 miracula
1050 2618 1248 2683 perpetrasset.
1274 2632 1289 2664 b
1319 2615 1373 2669 Alii

786 2696 854 2737 vero
879 2685 1012 2739 dicebant
1027 2700 1093 2740 eum
1113 2700 1171 2739 esse
1188 2684 1287 2749 Ellam,
1304 2699 1373 2755 pro-

786 2756 849 2823 pter
862 2754 954 2811 zelum
968 2756 1096 2811 veritatis
1110 2772 1196 2825 quem
1211 2757 1310 2812 babuit
1323 2774 1331 2822 ;
1346 2762 1373 2811 et

786 2833 902 2905 propter
929 2828 1064 2896 potentiae
1090 2827 1273 2891 evidentiam,
1305 2828 1374 2897 quia

785 2910 880 2967 ignem
893 2897 928 2953 cle
942 2898 1012 2953 coelo
1027 2900 1134 2969 posuit;
1148 2900 1252 2970 etquia
1266 2899 1303 2954 ad
1319 2915 1372 2954 cce·

784 2966 844 3024 lum
865 2977 974 3052 raptus,
986 2967 1111 3026 creditur
1131 2966 1197 3025 iude
1210 2976 1371 3025 essevenlu-

784 3054 841 3097 rus.
855 3042 908 3099 biii
930 3042 1092 3112 Jeremiam,
1109 3045 1224 3113 propter
1239 3041 1371 3097 sanctita-

784 3112 1370 3190 tem,quiasauctisrcatnsluitinutcroms-

783 3182 1368 3254 tr1s;etpropterpatientiaminadversis;

784 3255 814 3305 et
828 3259 943 3323 propter
956 3252 1125 3313 beneficium
1145 3256 1369 3321 misericordie,

785 3324 852 3393 quia
866 3322 962 3395 populi
978 3336 1093 3395 peccato
1107 3327 1213 3400 planxit
1226 3330 1369 3385 etlamen-

783 3396 859 3450 talus
877 3395 938 3452 luit.
954 3395 1008 3453 Alii
1026 3406 1122 3455 autem
1138 3416 1224 3456 unum
1244 3401 1278 3454 de
1295 3400 1365 3455 Pro·

784 3463 885 3537 pbetis,
900 3467 1008 3524 scilicet
1031 3471 1172 3537 Elisaeum,
1190 3477 1304 3542 propter
1318 3487 1368 3526 er·

783 3537 944 3596 cellentiam
969 3544 1134 3613 sapientire:
1162 3543 1262 3600 babuit
1288 3543 1366 3598 enim

783 3608 925 3681 duplicem
948 3616 1079 3685 spiritum
1103 3614 1191 3681 Elite;
1216 3612 1271 3680 vel,
1300 3615 1368 3682 quia

782 3684 904 3740 surrexit
919 3701 993 3743 unus
1017 3687 1090 3741 alius
1105 3687 1139 3742 de
1154 3685 1279 3755 antiquis
1295 3684 1370 3739 Pro·

781 3754 875 3825 pbetis
900 3757 1050 3882 {rioribus
1068 3757 1102 3812 Et
1119 3758 1158 3812 sic
1175 3761 1252 3826 patet
1267 3754 1369 3812 divisio

781 3825 889 3883 erroris
923 3827 994 3883 abiti
1013 3828 1047 3884 de
1061 3828 1126 3884 lesu
1140 3845 1156 3884 a
1171 3827 1309 3893 diversis;
1326 3829 1369 3883 sic

780 3897 874 3953 adbuc
901 3898 986 3955 bodio
1013 3900 1158 3954 variantur
1183 3898 1312 3954 homines
1327 3900 1368 3954 in-

780 3968 920 4094 ssuirendo
930 3971 1060 4035 salutem,
1076 3970 1364 4028 sivebeatitudinem.

805 4040 977 4110 nusquisque
1003 4042 1080 4094 euim
1104 4040 1183 4111 pouit
1210 4040 1365 4096 beatitudi-

778 4124 845 4166 nem
872 4112 901 4165 in
924 4126 958 4165 eo
982 4110 1059 4191 quod
1082 4110 1185 4185 diligit,
1202 4112 1295 4168 etboc
1312 4130 1363 4182 pro

778 4178 836 4236 Deo
858 4180 1028 4309 colit,‹Lu1a‚
1048 4186 1201 4241 secundum
1224 4185 1362 4252 Auprcsb'-

776 4266 852 4322 num,
868 4252 960 4309 hoca
1004 4254 1118 4314 bomine
1142 4256 1254 4326 colitur,
1284 4256 1360 4326 quod

777 4336 836 4393 pre
849 4324 950 4383 ceteris
960 4323 1063 4400 diligit.
