2820 4928
136 335 182 391 tto
481 328 638 383 SECUNDA}
665 329 784 383 estatis
812 326 912 378 CAPUT
940 324 1020 375 xxti

136 442 246 509 Rahab,
278 435 441 509 insignum
465 433 543 503 tldei,
575 439 719 504 remanet,

135 516 197 588 ejus
210 509 287 569 enim
303 507 396 567 adhuc
407 503 529 578 parietes
543 502 604 561 sine
617 504 717 562 culmi-

134 603 172 643 ne
186 585 301 642 durant.
316 582 400 637 Juxta
414 581 511 634 autem
526 576 642 635 Jerieho
656 578 721 634 iona

135 662 178 716 est
195 652 285 713 dulcis
303 650 340 708 ad
362 648 533 733 potandum,
551 648 673 722 pinguis.
684 648 720 705 ad

135 726 303 799 rigandum3
325 738 372 795 qut
390 720 535 793 quondam
550 736 665 779 amarus
684 720 720 777 ad

134 796 301 873 potandum,
322 800 352 851 et
374 791 480 849 sterilis
500 790 719 862 sartandum,

132 886 184 945 per
200 867 332 927 Elisaeum
351 869 467 921 senatus
491 868 552 934 est3
580 812 598 920 k

134 942 190 1000 sub
215 947 312 997 monte
336 939 527 1006 Quarentanae
555 942 657 1003 oritur,
693 940 722 993 ot

132 1012 236 1073 deinde
249 1009 376 1079 iericho,
387 1024 452 1081 quas
466 1008 578 1065 duobus
592 1006 722 1065 milliari·

133 1086 189 1145 bus
203 1083 270 1142 inde
295 1082 392 1149 distat,
412 1078 567 1138 derivatur.
589 1080 632 1137 nd
647 1081 723 1136 hano

134 1174 166 1215 er
187 1173 203 1214 o
218 1155 361 1213 civitatem
374 1151 514 1235 Dominus
528 1153 621 1210 eundo
635 1153 723 1208 teru-

134 1174 225 1288 safcm
243 1226 405 1295 declinant,
425 1229 466 1295 ut,
484 1224 641 1281 secundum
659 1226 723 1280 Hie·

133 1316 289 1373 roaymum,
305 1301 420 1355 sanaret
434 1296 464 1353 in
479 1312 514 1354 ca
530 1298 634 1353 multos
648 1297 723 1352 mate

133 1374 284 1432 habentes.
301 1372 335 1426 iit
348 1376 415 1426 tunc
425 1384 510 1425 eacus
520 1370 635 1439 quidam
650 1368 723 1424 aede·

136 1446 183 1501 bot
201 1459 277 1501 secas
293 1445 368 1497 onam
385 1440 561 1507 mendicam
583 1442 642 1512 qut,
663 1456 724 1496 cum

135 1517 244 1573 mabam
262 1516 468 1585 pretereuntem
478 1512 598 1579 audiret,
611 1516 725 1568 interro

134 1588 220 1657 gabat
234 1584 304 1655 quid
318 1585 368 1639 hoc
382 1585 459 1637 esset.
480 1585 617 1638 Diaeruat
634 1590 725 1640 autem

135 1661 172 1727 ai,
184 1657 257 1728 quod
267 1658 346 1711 Jesus
355 1656 515 1711 Nazarenam
526 1657 666 1710 transiret.
680 1657 694 1711 J
698 1674 724 1711 e·

134 1745 197 1786 aum
211 1732 306 1784 autem
318 1723 439 1781 transire
454 1723 625 1796 percipiens,
641 1725 726 1783 mise·

135 1797 725 1857 ricordiameumelamoreuoutautumox-

134 1870 245 1942 teriori,
261 1869 311 1925 sed
330 1867 416 1925 etiam
437 1867 565 1924 interiori
582 1869 672 1941 petiit.
688 1874 725 1927 Et

134 1944 266 2002 etomooit
280 1942 373 1997 dicens
388 1942 483 2007 atera,
499 1942 543 2011 itti
557 1943 659 2011 Dorici,
675 1945 725 1998 mt-

135 2032 224 2075 aerere
232 2015 331 2071 mei.tn
340 2029 397 2085 quo
406 2028 499 2069 cacus
510 2012 562 2070 iste
574 2020 724 2096 utramque

135 2094 270 2148 naturam
288 2085 319 2142 in
338 2083 451 2143 Christo
467 2085 628 2155 cantitetur,
649 2085 724 2144 setti-

134 2166 197 2218 eet:
209 2163 374 2225 humanam,
389 2156 418 2212 in
434 2172 467 2212 eo
482 2157 558 2227 quod
572 2158 641 2213 dicit
657 2175 664 2214 ε
680 2160 724 2215 Je-

135 2248 179 2295 su,
190 2234 233 2301 pta
243 2229 344 2295 Dauid,
355 2244 373 2283 a
385 2226 474 2283 uaria
486 2226 562 2284 etaim
578 2231 654 2301 ltege
663 2246 725 2286 rar-

137 2297 352 2368 nemsuscepit;
368 2296 726 2370 dit·inatn,ineoquoddi-

137 2370 197 2427 cit:
213 2373 343 2427 Miserere
356 2366 574 2438 mei,proprium
591 2376 633 2425 ost
648 2371 724 2428 onim

136 2444 194 2500 Deo
221 2437 351 2496 misereri
382 2443 522 2494 creaturae
551 2457 724 2514 sntu,qua111

136 2511 274 2579 condidit,
287 2509 441 2567 secundum
457 2508 528 2567 illud
543 2513 699 2571 Psalmistae
715 2533 722 2570 :

136 2586 331 2643 Miserationcs
346 2582 405 2652 ejus
424 2598 506 2655 super
525 2587 617 2640 omnia
642 2602 724 2658 opera

136 2656 207 2727 ejus.
225 2654 306 2712 Unde
319 2655 459 2723 Cpr-titus:
479 2676 494 2705 ιι
510 2655 677 2727 lstecaecus,
693 2658 723 2714 iu

134 2727 284 2787 ,ludaismo
315 2725 450 2794 nutritus,
485 2742 542 2783 non
582 2728 724 2801 ignorarit

158 2800 213 2856 uod
227 2798 262 2856 de
275 2796 413 2870 progenie
429 2796 518 2854 Darat
534 2800 608 2857 Deus
625 2816 725 2857 serun-

135 2816 204 2931 gum
223 2886 340 2927 carnem
363 2876 546 2940 nasceretur3
566 2878 593 2929 et
616 2871 680 2929 ideo
696 2872 723 2930 ei

135 2949 167 3003 ut
188 2947 246 3002 Deo
261 2947 289 3000 ot
304 2941 413 2999 homiui
435 2941 570 3013 loquitur.
589 2968 602 2994 ι
629 2946 662 3001 Et
683 2946 723 3001 li-

135 3022 181 3074 cet
193 3016 390 3087 increparetur
404 3030 421 3070 a
440 3017 525 3071 turba
541 3020 722 3088 pratereun-

134 3092 174 3158 te,
189 3095 218 3145 ct
231 3086 393 3143 doctrinam
409 3086 511 3143 Christi
523 3089 701 3146 auscultante
715 3106 722 3158 ;

135 3157 197 3231 ipse
219 3167 315 3216 tamen
338 3157 426 3214 mutto
453 3156 544 3230 magis
573 3160 722 3217 clamando

135 3232 254 3313 petebat
277 3227 331 3285 sini
347 3228 487 3299 misereri,
505 3229 608 3288 timens
629 3249 665 3289 ne
689 3249 723 3290 ex

134 3299 330 3427 increpatione
364 3299 552 3371 impediretur
568 3303 676 3361 auditio
693 3309 722 3361 et

137 3388 206 3429 exau
230 3371 279 3427 itio
293 3369 438 3440 petitionis
457 3387 526 3427 suae.

174 3464 188 3499 a
204 3444 412 3498 larnanoonrun
427 3458 445 3496 n
460 3444 588 3500 Camsro.
600 3476 634 3486 —
644 3448 723 3503 iesus

135 3519 227 3571 autem
242 3510 358 3568 tandem
373 3517 580 3593 proptersuam
595 3516 723 3589 benigni·

134 3588 223 3643 tatem
237 3588 326 3663 stans,
354 3598 422 3654 quta
444 3599 537 3642 eacus
556 3603 620 3643 curu
642 3591 721 3660 sequi

134 3671 193 3713 nou
210 3659 312 3728 potuit,
323 3654 413 3724 jussit
427 3656 507 3713 titum
522 3659 627 3716 adduci
638 3661 721 3726 adse,

131 3744 168 3786 ne
182 3728 267 3785 turba
287 3726 464 3797 prohiberet,
484 3734 513 3785 ot
537 3734 567 3787 ut
592 3732 723 3789 occasio-

130 3816 198 3859 nem
212 3796 337 3879 sanandi
359 3799 488 3857 haberet.
507 3804 616 3877 Magum
630 3806 722 3877 pieta·

131 3872 168 3931 tis
188 3873 218 3930 in
244 3872 356 3929 Christo
383 3872 496 3941 signum
524 3875 586 3943 suit,
609 3878 723 3947 quando

133 3945 225 4019 ipsum
243 3957 349 4000 caecum
361 3950 526 4013 exspectare
536 3947 635 4015 votuit,
646 3954 674 4003 et
687 3949 724 4005 ad

130 4034 161 4076 se
171 4015 273 4076 adduci
289 4013 367 4071 iecit.
384 4014 464 4095 Unde
486 4015 561 4073 idem
578 4020 698 4088 ceratae
715 4039 721 4079 :

131 4089 235 4148 «Sistit
252 4090 348 4145 nutem
365 4087 510 4143 Christum
523 4105 587 4158 rox,
615 4095 644 4147 et
672 4091 723 4147 in-

130 4167 265 4220 vocantes
280 4158 310 4215 in
327 4158 386 4217 tide
402 4158 530 4231 respicit.
547 4162 581 4217 Et
594 4160 659 4220 ideo
676 4180 723 4220 ro·

130 4238 176 4290 cat
190 4246 309 4301 caecum,
323 4230 407 4315 eique
426 4232 564 4290 accedere
577 4234 675 4306 jussit,
691 4241 724 4293 ut

132 4304 251 4376 scilicet,
264 4301 314 4374 qui
328 4318 408 4375 prius
424 4303 481 4363 ilde
498 4320 564 4363 eum
579 4306 721 4379 tetigerat,

775 429 983 504 appropinquet
998 434 1027 485 et
1038 444 1183 512 corpore.
1204 450 1220 484 ιι
1238 430 1285 489 Sic
1298 431 1370 489 dete

774 508 840 560 rent
849 502 944 559 iacere
953 499 1044 557 nostri
1059 500 1221 574 principes
1233 503 1371 561 cumride·

774 580 838 633 rent
848 588 988 647 pauperes
1000 578 1240 646 conquerentes,
1255 575 1369 633 scilieet:

775 654 861 715 stare,
876 651 904 702 et
918 646 1011 701 iacere
1026 644 1128 702 vocari
1146 646 1189 703 ad
1204 663 1250 715 se,
1265 648 1371 705 utaudi

774 724 838 776 rent
850 732 947 774 eorum
962 715 1181 788 querimonias,
1197 719 1369 792 iacerentque

775 790 816 848 eis
825 788 966 863 iustitiam
978 787 1128 861 expedire.
1149 793 1193 846 Et
1209 808 1274 848 eum
1287 808 1371 864 nppre

602 864 628 921 ic
655 865 720 922 tons
773 863 1141 935 ptnqaassetiuterroqaaa't
1156 864 1259 932 ilium,
1271 864 1370 921 diceas:

775 933 913 1003 Quidtiti
931 934 974 988 eis
987 934 1121 1000 faciam?
1138 935 1210 991 Non
1251 935 1306 992 uod
1328 936 1371 992 tae

777 1008 930 1078 ignoraret,
951 1004 1000 1061 sod
1024 1010 1057 1061 ut
1077 1005 1146 1075 ejus
1169 950 1369 1064 coniessionou

776 1077 1368 1150 approbaremet,secundumAmorosiu,

777 1156 809 1207 ut
834 1149 971 1206 sciremus
1003 1146 1058 1204 nisi
1093 1150 1297 1209 confitentem
1323 1166 1368 1207 non

778 1238 863 1295 posse
875 1218 988 1289 salvari,
1007 1226 1035 1276 et
1050 1224 1084 1277 ut
1104 1237 1162 1277 cor
1185 1224 1252 1295 ejus
1267 1223 1303 1280 ad
1316 1238 1369 1280 ora·

777 1294 884 1351 tionem
900 1290 1045 1359 excitaret,
1060 1295 1090 1347 ot
1111 1292 1223 1351 tuanen
1249 1295 1323 1367 quod
1341 1310 1367 1351 aa

778 1383 830 1423 sua
849 1364 977 1422 bonitate
999 1363 1168 1435 largiturus
1197 1365 1227 1424 ei
1259 1366 1366 1437 aratri

779 1437 822 1495 sui
849 1435 1015 1509 petitionem
1043 1435 1210 1508 tribueret,
1236 1439 1365 1511 quianon

779 1515 862 1568 sanat
875 1507 990 1578 invitos,
1011 1508 1062 1563 sed
1078 1509 1283 1567 voluntarios.
1304 1511 1365 1567 t'nde

779 1584 975 1652 Auqustinus:
991 1578 1073 1647 «Qui
1088 1582 1208 1638 crearit
1224 1588 1253 1640 te
1271 1582 1364 1643 sinete.

779 1672 837 1711 non
847 1649 1017 1725 justificabit
1033 1658 1061 1707 te
1080 1652 1149 1710 sine
1169 1660 1243 1711 te.»
1261 1655 1365 1713 Undeet

779 1728 967 1783 nimir-osius:
1000 1746 1014 1773 ι
1043 1726 1114 1781 Vult
1134 1742 1237 1783 omnes
1261 1728 1364 1783 tona·

779 1801 871 1856 salros
885 1799 957 1869 peri,
971 1796 1032 1863 sed,
1044 1794 1067 1851 si
1083 1800 1234 1856 accedant
1248 1800 1285 1856 ad
1298 1814 1363 1865 euru

779 1870 925 1927 nonenim
942 1867 1048 1924 sicruit
1064 1871 1094 1924 ut
1109 1870 1252 1929 nolentes
1271 1872 1362 1928 sutren-

779 1949 835 2012 tur,
852 1942 902 1998 sed
918 1940 1057 2007 retentes,
1073 1956 1134 1997 non
1153 1942 1238 2000 enim
1256 1956 1363 2001 remae

780 2014 824 2071 lus
841 2018 894 2081 est,
916 2012 940 2069 si
956 2012 1066 2068 uolenti
1082 2012 1249 2075 tribuatur.
1266 2018 1362 2081 attera,

780 2086 935 2143 secundum
959 2085 1105 2153 cyrillum,
1122 2085 1325 2159 interrogarit,
1339 2092 1362 2143 ut

780 2157 886 2214 scireut
901 2162 1028 2212 astantes
1042 2156 1122 2227 quod
1140 2174 1205 2215 uon
1216 2159 1361 2229 pecuniam.

780 2232 829 2287 sed
850 2227 974 2284 divinam
990 2227 1192 2286 etticaciama
1215 2234 1274 2288 Deo
1295 2236 1360 2303 prta·

780 2302 838 2359 bat.
855 2300 923 2356 Vide
939 2299 1024 2355 ethic
1039 2299 1161 2356 Domini
1179 2301 1357 2367 clementiam,

780 2372 920 2445 quianon
945 2370 1117 2441 dedignatus
1140 2381 1190 2430 est
1210 2391 1270 2431 non
1283 2374 1355 2431 sotum

779 2450 866 2512 stare,
881 2443 931 2499 sed
944 2448 971 2499 ct
987 2443 1092 2514 alioqui
1114 2460 1280 2515 personam
1290 2444 1358 2501 ritem

779 2521 808 2573 et
822 2530 986 2588 pauperem.
1000 2516 1040 2571 At
1052 2517 1101 2571 itte
1122 2520 1317 2591 respondens.
1331 2518 1364 2573 di-

778 2591 842 2644 rit:
858 2587 1151 2658 Dominaateideum,
1165 2590 1216 2648 uhi
1233 2589 1365 2649 miserim

779 2664 807 2716 et
820 2661 1015 2715 necessitatem
1026 2675 1107 2715 snam
1124 2659 1272 2732 insinuat,
1286 2678 1318 2719 ac
1328 2678 1365 2719 re·

778 2730 903 2788 medium
918 2736 946 2787 et
956 2730 1186 2801 ret-'elationem3
1203 2750 1259 2793 nec
1269 2732 1367 2807 aliquid

778 2802 854 2860 atiud
865 2808 969 2874 praetor
981 2803 1035 2859 lior
1047 2804 1187 2874 postulat.
1201 2807 1301 2865 Voluit
1309 2822 1366 2879 ergo

778 2875 916 2932 Dominus
935 2875 1034 2931 audire
1054 2874 1131 2932 itlius
1150 2879 1366 2947 consessionem,

778 2963 826 3029 qm
841 2951 937 3003 tamen
954 2963 1010 3003 non
1027 2946 1144 3019 ignorat
1159 2950 1272 3009 inentis
1288 2951 1366 3008 inton

777 3024 894 3087 tionem,
908 3024 938 3074 ut
951 3035 1229 3090 cognoscamusnon
1242 3022 1297 3080 nisi
1312 3038 1365 3079 con·

778 3092 906 3147 ssteutem
924 3105 1007 3162 posse
1027 3092 1122 3147 sanari
1138 3094 1178 3151 ab
1202 3094 1364 3151 intirmitate

777 3161 901 3235 spiritus
919 3161 999 3218 Unde
1026 3164 1102 3219 huuc
1129 3182 1244 3223 raecum
1264 3166 1363 3223 salvare

776 3234 867 3291 notuit
879 3233 1013 3305 quamdiu
1027 3235 1162 3293 clamarit
1173 3238 1204 3295 in
1218 3239 1342 3311 generati
1355 3253 1361 3292 :

777 3309 908 3363 Miserere
927 3309 995 3371 meir
1016 3307 1066 3364 sed
1086 3317 1247 3381 postquam
1270 3307 1362 3383 speria·

778 3377 846 3435 litor
866 3376 1021 3434 insinuarit
1047 3378 1207 3452 miseriam,
1223 3383 1307 3455 cujus
1325 3396 1360 3437 re·

777 3449 949 3506 relationem
971 3448 1024 3507 sibi
1048 3451 1282 3512 misericorditer
1308 3448 1359 3509 neu

777 3520 941 3594 postularit,
962 3526 1029 3579 tunc
1044 3539 1109 3579 eum
1123 3525 1251 3583 sanarit.

813 3599 830 3649 5
844 3595 1036 3663 tnncurssrun,
1048 3613 1187 3660 ruensque
1201 3615 1308 3656 aarum
1317 3610 1357 3652 nn

778 3666 848 3724 Deo.
864 3695 899 3706 -
912 3666 995 3722 Petiit
1008 3666 1083 3734 enim
1098 3672 1130 3724 ut
1140 3668 1264 3741 rideret,
1279 3676 1304 3725 et
1320 3670 1357 3723 te·

777 3753 834 3806 sus,
858 3738 944 3794 uerbo
960 3741 1169 3809 potentissimo,
1191 3757 1250 3813 quo
1274 3739 1354 3797 dina:

779 3808 850 3877 Fiat,
862 3813 890 3865 et
903 3810 1066 3881 factumest,
1076 3812 1153 3867 dicit
1166 3814 1214 3868 itti
1228 3831 1235 3869 :
1247 3815 1357 3885 Respice.

779 3882 867 3937 Breve
882 3882 1012 3952 verbum,
1029 3882 1123 3938 sedin
1138 3884 1309 3956 operatione
1322 3882 1356 3939 ei-

781 3950 991 4023 tieacissimum,
1007 3960 1035 4009 et
1050 3954 1117 4026 quia
1136 3954 1167 4011 in
1183 3954 1241 4013 tide
1249 3956 1357 4013 creden·

778 4023 847 4079 tium
865 4025 983 4081 verbum
1005 4024 1118 4082 Domini
1138 4036 1288 4101 operatur,
1302 4027 1357 4084 ideo

778 4095 961 4167 subjungitur
980 4114 986 4154 :
1001 4098 1083 4154 Fides
1095 4102 1144 4154 tua
1158 4101 1270 4156 saraam
1282 4104 1308 4157 te
1322 4100 1358 4167 le-

777 4169 824 4223 ctt.
842 4168 880 4223 Ειι
905 4167 962 4225 fide
991 4168 1068 4226 enim
1095 4169 1268 4245 impetratur
1291 4172 1361 4229 satus

777 4239 943 4312 corporalis,
954 4245 1008 4298 ets
1029 4242 1192 4312 iritualrs,et
1202 4242 1361 4303 sternatis:

776 4313 813 4368 nt
826 4312 974 4378 confestim
986 4314 1070 4384 vadit,
1078 4320 1105 4372 et
1111 4317 1281 4385 sequebatur
1289 4317 1361 4372 attan
