2820 4928
89 334 133 390 1⁸8
426 335 583 390 succinunt
611 333 727 389 Pluris
753 331 858 384 eleut
887 329 982 383 xxix

89 443 182 513 dines,
196 449 224 498 ct
239 442 366 499 carnales
383 442 540 513 voluptates
555 439 741 507 circumdent,
759 439 960 507 coangustent,
975 437 1006 489 et
1021 431 1061 489 ad
1075 438 1186 513 terram
1199 435 1305 511 proster-

88 522 159 573 nant
175 530 234 581 me;
251 531 286 569 ne
301 513 386 580 filios,
403 514 510 569 scilicet
524 529 635 584 sensus,
650 509 789 581 cogitatus
802 515 830 565 et
844 511 923 564 aetus
938 520 1033 574 meos,
1050 508 1081 561 et
1097 503 1228 584 ordinem
1243 506 1308 556 urle

89 593 152 645 tum
165 586 313 642 destruant
329 603 336 641 z
353 592 383 641 ut
399 586 465 643 indo
478 585 591 642 laudem
606 589 644 654 te,
660 588 689 640 ct
703 581 842 639 confitear
853 576 961 636 nomini
977 582 1044 648 tuo,
1057 574 1217 632 Altrssime.
1230 574 1307 629 luen.

568 917 706 991 eleut
733 918 843 990 xxm

206 1133 244 1178 DE
262 1133 397 1179 SECUNDA
411 1131 571 1180 EJECTIONE
586 1130 779 1177 vennuculum
792 1130 831 1176 ΕΤ
850 1126 1064 1174 cubuclesius
1085 1124 1222 1171 Tenebo.

558 1265 681 1326 blattbaei
701 1281 764 1338 cap.
783 1267 853 1322 xxl.

131 1463 140 1496 r
159 1440 282 1497 Doumus
293 1458 388 1497 rnrner
398 1459 425 1497 m·
437 1456 570 1496 rnuruuu.
584 1470 614 1480 -
627 1441 678 1495 Ve-

92 1510 134 1565 nit
148 1518 242 1567 autcm
259 1516 336 1567 Jestts
352 1512 458 1568 directe
474 1514 509 1567 ad
529 1511 677 1580 templum,

92 1588 117 1636 et
132 1585 249 1637 intr-neit
260 1587 289 1637 iu
305 1586 394 1653 ipsum
409 1585 538 1652 templum
552 1586 610 1636 llei.
626 1582 677 1638 Ubi

92 1658 161 1707 nota
174 1655 249 1722 quod
261 1654 396 1724 templum
407 1653 678 1723 accipituraliquau·

93 1723 129 1777 do
145 1738 195 1793 pro
211 1723 296 1778 domn
311 1723 420 1794 templi,
437 1725 511 1794 quod
528 1723 678 1780 divideba-

92 1800 138 1848 tur
153 1794 182 1849 iu
198 1795 268 1850 duas
281 1801 376 1867 partes
392 1813 398 1850 :
413 1812 469 1851 una
483 1811 547 1867 para
561 1797 677 1851 vocaba-

91 1870 138 1920 tur
152 1872 286 1935 setectum,
304 1868 349 1923 ubi
366 1884 453 1939 propo
467 1866 570 1922 ostium
589 1866 677 1923 sancti

92 1945 253 1994 sanctorum
266 1945 328 1995 erat
339 1940 428 1996 altare
442 1938 546 1994 incensi
556 1955 604 1995 suu
616 1942 678 2010 tby-

90 2008 678 2082 miamatisaurotectum,mensaproposi-

93 2080 188 2148 tionis,
199 2089 227 2137 ot
237 2083 437 2140 candelabrum
444 2105 450 2150 ;
463 2084 518 2139 alia
527 2098 592 2154 pars
602 2098 680 2139 voca-

92 2152 681 2222 baturscnctumsonctorum,ubieratarca

93 2223 275 2289 Testamenti,
298 2232 326 2280 et
345 2226 400 2280 duo
419 2223 580 2280 Cherubim.
599 2225 678 2280 Illam

91 2300 201 2417 Eartcm
210 2311 272 2363 quae
284 2294 430 2350 dicebatur
439 2300 580 2362 sanctum,
592 2297 678 2351 intra·

112 2370 162 2417 ant
177 2365 304 2436 ‹parotidie
325 2366 484 2420 sacerdotes
504 2367 538 2420 ad
557 2367 679 2423 oll'ereu-

91 2433 159 2489 dum
171 2435 330 2503 incensum,
340 2442 367 2492 et
380 2437 447 2492 nulli
458 2436 505 2493 alii
513 2455 521 2506 ;
533 2437 608 2494 iutra
618 2455 679 2495 san·

92 2512 168 2561 ctum
182 2512 343 2563 sauctorum
355 2508 431 2564 solus
445 2525 572 2564 summus
587 2510 680 2565 Ponti-

91 2576 135 2633 iex
157 2578 292 2649 intrabat,
312 2586 340 2636 et
361 2580 447 2636 semol
469 2579 497 2635 iu
518 2596 603 2636 arrno.
622 2582 679 2637 Ali-

92 2651 207 2720 quaudo
217 2657 312 2708 autem
327 2652 463 2723 accipitur
476 2653 613 2724 templum
628 2653 680 2708 lar-

92 2736 138 2792 ge,
154 2723 339 2793 proquodam
353 2725 446 2795 platea
462 2724 601 2794 quadrata
614 2730 680 2780 aute

92 2794 240 2864 ternplum,
259 2810 341 2850 muro
361 2798 472 2865 clausa,
488 2801 519 2851 et
532 2795 680 2852 dicebatur

92 2864 196 2922 atrium
217 2867 406 2935 sacerdotum,
422 2869 469 2923 ubi
488 2867 601 2924 subdio
620 2873 681 2923 crat

91 2937 182 2993 altare
194 2939 423 2995 holocaustorum
436 2955 491 2995 zore
503 2945 679 3011 coopertum,

91 3014 121 3063 et
141 3009 217 3065 istud
233 3009 379 3066 intrabant
399 3028 454 3066 non
475 3011 567 3067 solum
584 3027 679 3066 sacer·

91 3079 184 3149 dolce,
200 3082 249 3137 sed
265 3081 350 3138 ctiam
373 3082 464 3138 levitae
482 3099 531 3138 eos
549 3085 576 3138 iu
593 3099 680 3138 erco-

92 3150 214 3220 ratione,
231 3161 259 3208 ct
275 3153 421 3209 ablutione
438 3155 594 3209 hostiarum
610 3162 638 3209 ct
653 3153 680 3208 in

93 3222 288 3279 consimilibus
298 3226 479 3296 adjuvantes3
492 3226 622 3296 vulgares
633 3242 681 3281 au-

92 3297 155 3364 tom,
166 3295 294 3350 lromiues
306 3295 374 3350 illud
389 3312 445 3351 non
457 3295 613 3362 intrabant,
630 3297 680 3352 sed

91 3363 127 3418 ad
151 3364 254 3419 ostium
275 3365 348 3420 illius
370 3366 433 3421 atrii
460 3366 596 3423 animalia
619 3369 680 3423 viva

91 3435 286 3490 sacerdotibus
308 3437 476 3492 offerebant.
506 3440 560 3492 lsta
584 3445 680 3495 autem

92 3504 149 3558 duo
167 3504 230 3560 loca
249 3521 306 3560 non
323 3506 439 3561 intrauit
454 3508 590 3576 Christus,
614 3511 681 3579 quia

91 3590 149 3629 nou
161 3581 222 3632 erat
235 3579 377 3645 sacerdos,
393 3592 484 3649 nequo
501 3577 595 3634 levita.
625 3581 680 3636 Sed

91 3651 196 3719 pcaeter
210 3648 265 3704 ista
278 3647 333 3704 duo
347 3648 409 3704 loca
419 3655 501 3706 erant
514 3651 606 3706 nilbuc
623 3650 679 3707 duo

90 3717 157 3787 alia,
173 3719 219 3775 ubi
234 3721 365 3776 homiues
379 3722 430 3777 sub
446 3721 493 3778 dio
508 3722 535 3777 in
551 3721 681 3778 oratione

90 3796 173 3847 erant
189 3809 195 3846 z
213 3797 238 3847 et
253 3790 282 3847 in
303 3809 358 3848 rino
373 3794 435 3862 riri,
452 3793 524 3849 etin
540 3795 595 3850 alio
612 3811 681 3850 mu-

89 3862 175 3919 lieres
191 3864 329 3931 orabant3
346 3869 374 3920 et
388 3866 439 3920 ista
454 3865 526 3921 atria
539 3868 680 3923 vocaban-

88 3940 135 3990 tur
149 3936 265 3992 nomine
287 3935 396 4007 templi,
415 3941 442 3990 et
457 3938 491 3992 de
509 3938 563 3993 boc
577 3938 681 3994 dicitur

90 4009 165 4077 quod
183 4010 265 4064 Jcsus
284 4009 402 4062 intrauit
421 4011 452 4063 in
472 4011 603 4079 templum
620 4013 680 4079 Dei,

87 4092 120 4133 ac
137 4097 144 4134 ι
160 4082 258 4136 Petrus
273 4086 298 4136 et
313 4083 430 4136 loannes
451 4081 633 4136 ascendebant
651 4084 682 4136 in

89 4153 220 4220 templum
244 4153 281 4207 cd
304 4155 398 4208 bor-om
420 4154 555 4207 orationis
570 4169 680 4208 nonam.

88 4220 208 4277 Intravit
220 4229 316 4280 autem
329 4227 412 4281 lesus
427 4222 557 4295 protinus
570 4223 600 4279 in
613 4230 682 4280 tem-

86 4292 177 4363 plum,
191 4297 337 4367 praeeipue
354 4302 470 4370 propter
485 4295 540 4353 tria
555 4313 562 4352 ε
575 4295 680 4368 primo,

736 1435 893 1493 secundum
907 1435 1021 1504 Bedam,
1033 1437 1067 1489 ut
1081 1431 1208 1489 doceret
1219 1447 1270 1489 nos
1279 1431 1321 1512 lor

733 1525 809 1565 mam
822 1507 979 1579 religionis,
992 1521 1082 1578 quam
1097 1520 1269 1576 sequamur,
1281 1518 1322 1557 scr

734 1580 801 1637 licet
816 1585 846 1636 ut
861 1593 1041 1651 quocumque
1057 1575 1227 1658 pergimus,
1247 1574 1320 1646 prino

734 1652 851 1708 domum
866 1652 1014 1716 orationis,
1026 1650 1050 1704 si
1061 1647 1104 1704 rbi
1116 1653 1174 1715 est,
1187 1648 1320 1705 adeamus

734 1732 762 1780 et
774 1740 825 1795 per
839 1722 981 1779 orationes
997 1723 1056 1776 beo
1073 1719 1283 1785 commendati,
1293 1716 1323 1773 sic

734 1796 770 1852 ad
783 1795 893 1865 agenda
905 1791 1020 1864 negotia
1032 1791 1229 1858 secedamus3
1242 1804 1324 1846 secur

734 1868 780 1931 do,
798 1867 864 1938 quia
879 1866 956 1922 lorus
970 1863 1107 1936 publicus
1124 1868 1195 1919 erat
1209 1861 1259 1919 ubi
1271 1875 1324 1942 pos·

735 1944 778 1995 set
793 1937 923 2001 inveniri,
939 1935 1096 1992 ostendens
1111 1950 1145 1991 se
1163 1951 1225 1991 nou
1240 1933 1323 1999 invite,

735 2011 785 2066 sed
801 2015 899 2082 sponte
915 2024 966 2065 sua
980 2008 1055 2079 pati;
1075 2005 1179 2070 tertio,
1196 2012 1229 2063 ut
1242 2010 1323 2061 oster

735 2082 816 2137 deret
828 2081 904 2152 quod
918 2078 1002 2135 ruina
1016 2076 1097 2133 urbis
1113 2084 1145 2133 ot
1160 2076 1271 2152 populi,
1282 2089 1323 2148 pro

735 2169 791 2224 qua
808 2155 937 2219 fleverat,
954 2149 1076 2206 maxime
1098 2164 1134 2203 ex
1152 2149 1323 2226 sacerdotum

735 2226 818 2296 culpa
838 2223 901 2292 luit,
920 2227 949 2279 et
970 2222 1036 2278 inde
1057 2219 1142 2276 radix
1163 2219 1321 2293 perditionis

736 2295 884 2369 processit.

773 2369 920 2424 uSruoum
942 2384 974 2421 er
997 2383 1072 2421 virm
1094 2380 1320 2422 sucennoruue

736 2441 793 2495 Hoc
808 2440 934 2511 prolecto
952 2436 1088 2507 innotuit,
1106 2454 1178 2493 cum
1194 2440 1258 2509 post
1270 2448 1318 2490 ura·

736 2511 828 2566 lorum
853 2508 1064 2565 imminentium
1094 2508 1320 2569 enarrationem,

735 2583 864 2654 protinus
889 2580 1025 2652 templum
1048 2579 1204 2650 ingressus
1227 2581 1319 2646 estut

736 2653 771 2708 de
784 2653 832 2709 illo
847 2653 1001 2709 uendentes
1013 2656 1187 2708 clementes
1201 2651 1318 2723 ejiceret:

735 2724 764 2780 in
776 2724 887 2796 signum
901 2724 977 2796 quod
989 2723 1170 2791 sacerdotes,
1185 2730 1243 2780 tam
1265 2732 1318 2777 uan

735 2795 857 2866 indigni,
883 2800 979 2852 essent
999 2794 1034 2850 de
1057 2794 1170 2866 templo
1190 2801 1255 2851 eto
1284 2791 1319 2847 cio

735 2865 877 2935 ejiciendi.
894 2866 1061 2924 sicutenim
1084 2866 1227 2939 ternplum
1243 2861 1319 2921 estiu

736 2937 864 3007 civitate;
878 2937 918 2994 ita
928 2942 985 2994 uita
999 2938 1186 2994 sacerdotum
1198 2938 1227 2993 in
1237 2933 1318 3016 plebe.

737 3010 825 3077 Unde,
855 3010 1010 3066 secundum
1037 3010 1184 3076 Glossorn,
1209 3010 1320 3064 simonia

736 3082 916 3138 sacerdotum
941 3097 1026 3137 cansa
1047 3079 1101 3136 tuit
1126 3077 1321 3137 destructionis

734 3153 909 3209 Judaeorurn.
922 3153 1090 3209 Sacerdotes
1100 3152 1191 3216 euim,
1202 3148 1322 3208 auaritia

736 3241 794 3280 sure
806 3225 998 3293 consulentes,
1008 3222 1205 3295 inporticibus
1213 3228 1243 3279 et
1252 3219 1323 3279 atriis

736 3294 833 3422 templi
852 3296 962 3352 hostias
985 3297 1194 3377 cujuscumque
1213 3290 1323 3366 generis

735 3383 788 3423 ven
810 3369 905 3436 ebant,
916 3384 952 3423 ne
961 3367 1118 3430 venientes,
1131 3367 1323 3423 victimasnou

735 3440 884 3507 babentes,
910 3438 980 3495 nihil
1005 3438 1155 3505 offerrent,
1177 3437 1199 3494 si
1223 3436 1324 3494 hostias

756 3515 840 3566 raeslo
856 3526 914 3566 non
933 3508 1107 3578 invenirent3
1126 3515 1157 3565 et
1173 3510 1230 3566 hoc
1244 3506 1324 3565 iacie-

735 3526 805 3637 iiant
820 3587 850 3637 ul
866 3581 980 3638 vendita
990 3581 1093 3637 iterum
1109 3581 1208 3638 oblata
1224 3572 1324 3652 recipi·

735 3658 810 3708 rent.
829 3655 862 3708 Et
878 3670 914 3710 ne
929 3668 1069 3725 pauperes
1086 3667 1144 3708 non
1165 3652 1259 3709 solum
1274 3652 1324 3707 bo-

736 3723 815 3793 stias,
826 3725 875 3781 sed
886 3729 915 3780 et
928 3725 1003 3781 unck
1015 3729 1145 3781 emerent
1158 3741 1217 3781 nou
1227 3724 1324 3780 haben·

736 3801 790 3864 tes,
805 3795 1014 3853 excusationem
1026 3796 1155 3868 pecuniae
1172 3812 1231 3852 non
1247 3791 1323 3851 babi-

736 3871 772 3922 tae
793 3867 1020 3938 praetenderent,
1039 3872 1197 3939 posuerant
1215 3866 1256 3924 ibi
1275 3881 1325 3922 uu·

737 3938 884 4007 mularios,
905 3938 954 4021 qui
977 3944 1104 3994 mutuam
1123 3940 1177 3996 sub
1197 3936 1324 3994 cautione

736 4014 765 4066 et
775 4026 824 4081 spe
838 4010 958 4080 alicujus
972 4009 1039 4066 doni
1050 4008 1203 4081 pecuniam
1217 4010 1324 4066 darent.

738 4081 802 4150 Sed,
829 4081 896 4152 quio
919 4085 974 4138 Len
994 4097 1050 4138 uon
1075 4081 1252 4153 patiebatur,
1273 4085 1326 4136 uta

738 4153 874 4210 fratribus
889 4154 949 4209 suis
965 4169 1066 4209 usuras
1078 4153 1256 4227 acciperent,
1266 4151 1324 4207 ideo

738 4225 815 4353 guod
836 4240 893 4281 nou
908 4225 1053 4281 audebant
1064 4224 1134 4282 dare
1148 4224 1186 4281 ad
1203 4237 1324 4303 usuram,

758 4297 844 4354 abant
869 4296 985 4354 nomine
1009 4295 1212 4365 collibiorum‚
1237 4301 1267 4352 ut
1289 4306 1325 4349 sio
