2820 4928
131 328 174 383 tot)
484 320 637 372 sttttttttrt
665 319 786 374 ratris
813 317 920 371 ttt’ttt
949 314 1025 367 XXV

778 427 910 489 mortem,
927 420 1249 481 obedientiamanobis
1262 421 1355 495 petitu

778 496 839 551 bne
854 497 1046 564 Hieronymus.
1060 495 1150 562 Quod
1166 494 1248 553 venit
1257 496 1303 552 ubi
1317 496 1360 551 lue

778 572 823 624 rat
841 567 962 622 Lazarus
987 572 1136 637 mortuus,
1155 583 1246 640 quem
1262 568 1360 623 suscita-

779 638 827 706 rit,
843 637 986 765 sipnitlcat
999 637 1067 709 quia
1084 637 1117 694 in
1138 640 1231 696 domo
1246 638 1362 696 obedien

132 448 259 499 suorum,
277 435 304 487 et
318 425 438 485 manime
455 431 572 498 propter
584 440 718 480 reteren-

133 505 202 562 tiatn
228 502 314 575 ipsius
336 497 439 557 Christi
460 495 635 554 comedentis
663 495 719 552 ibi-

133 577 207 634 dem.
224 579 347 631 Lnaorus
362 587 424 626 cero
438 574 497 626 erut
520 585 592 623 notus
610 585 644 624 en
658 569 718 624 dis-

132 646 317 706 cumbentibus
342 660 401 699 eunt
425 658 464 711 co,
482 639 615 697 ittvilatus
641 638 718 696 aSi-

133 736 228 785 tuone,
257 722 285 771 et
311 716 365 771 boe
397 714 501 770 lactum
526 719 570 769 est
596 712 633 768 ad
663 711 718 768 de-

134 787 318 848 clarationem
335 784 392 843 veri
409 777 536 841 miraculi
550 784 585 840 de
600 784 661 855 ejus
673 799 720 839 re·

134 860 327 927 suscitatione,
343 864 373 915 ut
389 873 420 913 ex
436 858 489 912 hoe
508 856 582 927 qnod
597 861 658 927 post
673 871 720 911 su-

133 933 312 991 scitationem
325 930 621 995 cibumsumeret,non
634 927 721 1054 phan-

135 1005 236 1063 tastica
258 1020 311 1059 sua
329 999 475 1058 suscitatio
500 1015 562 1055 esse
581 1014 632 1070 pro
646 1014 720 1056 tare-

135 1083 190 1135 tur.
210 1076 288 1133 Unde
306 1073 345 1130 ait
362 1075 536 1142 Aupustinus
555 1093 561 1127 :
584 1091 598 1124 tt
618 1071 657 1126 Nu
671 1086 721 1142 pu-

136 1153 232 1206 tarent
248 1145 380 1203 homines
407 1146 579 1217 phantasma
596 1158 658 1198 esse
682 1143 721 1197 l'a·

136 1228 222 1281 ctum.
240 1219 308 1291 quia
322 1222 451 1274 mortuus
464 1216 628 1281 resurrexit,
639 1215 720 1270 Laza-

135 1311 183 1350 rus
201 1295 345 1349 uuuscrat
361 1305 395 1346 ert
418 1285 661 1354 recumbentibus,
681 1284 720 1366 ti·

135 1368 229 1433 rebat,
244 1363 424 1434 loquebatur,
438 1359 609 1431 epulabatur
623 1374 629 1425 ;
645 1373 720 1412 tert-

135 1444 179 1493 tas
195 1435 409 1499 ostendebatur,
428 1429 583 1487 infidelitas
601 1429 721 1485 iudaeo-

138 1524 199 1564 runt
217 1505 454 1561 contundebatur.
472 1522 486 1554 u
502 1503 545 1568 Et,
564 1501 721 1556 secundum

137 1578 269 1635 cunulcm
290 1577 488 1643 Aupnstinunt,
509 1573 640 1638 Lazarus,
654 1571 720 1627 dnm

138 1647 290 1706 discumbit
304 1645 333 1701 iu
347 1643 485 1706 cotttitio,
497 1641 621 1698 convitis
636 1643 720 1697 inter-

138 1718 303 1793 rogantibus
311 1731 375 1773 eum
384 1713 551 1775 tristialoca.
562 1729 720 1785 pennarum-

139 1809 193 1864 que
208 1791 290 1846 sedes
299 1789 357 1844 alta
369 1791 451 1842 nocte
463 1787 608 1852 obscurae,
619 1784 723 1841 indica·

137 1864 177 1919 tit
192 1859 323 1933 diligenti
337 1858 501 1916 narratione
512 1873 563 1929 per
577 1856 721 1926 ordiuem;

137 1941 166 1993 et
181 1935 220 1991 ita
234 1931 328 2002 inseri,
344 1929 437 2002 longis
452 1928 627 2001 temporibus
642 1928 721 1999 igno·

139 2007 206 2074 rati,
223 2006 336 2062 tandem
356 2003 524 2059 invenerunt
536 1999 720 2073 proditorem.

138 2079 217 2148 Quod
229 2082 398 2135 autemante
408 2092 455 2131 sert
470 2073 530 2130 dies
541 2072 616 2128 teuit
628 2074 720 2141 losuS,

137 2153 190 2208 lton
198 2149 331 2221 mysterio
342 2144 583 2203 cont'enit.Priuto
595 2143 720 2214 quidem,

138 2227 274 2294 qttantum
283 2220 318 2276 ad
328 2231 488 2282 numerum,
500 2231 636 2270 numerus
646 2215 721 2270 enim

137 2290 267 2349 senarius
282 2290 423 2361 perlectus
438 2292 491 2353 est,
507 2285 582 2341 unde
598 2290 626 2341 et
647 2287 721 2342 lleus

137 2377 227 2436 opera
240 2357 393 2416 creationis
413 2356 531 2429 perfecit
552 2372 600 2412 sex
620 2355 721 2413 diebus

139 2442 167 2492 et
177 2432 352 2506 propterhoe
364 2427 468 2495 decuit,
477 2428 606 2499 quodset
621 2428 721 2485 diebus

66 2516 69 2523 '
138 2503 347 2578 quodammodo
361 2501 551 2573 compleretur
570 2515 641 2571 opus
653 2502 720 2556 Pas·

135 2576 235 2646 sionis,
255 2592 311 2648 quo
338 2572 434 2629 omnia
456 2578 521 2628 suut
549 2578 718 2630 restaurata.

135 2649 275 2715 Secundo,
297 2650 433 2718 quantum
449 2644 484 2700 ad
499 2644 636 2714 figuram3
654 2644 720 2715 quia

135 2720 246 2778 dceitna
261 2718 307 2774 die
324 2715 430 2773 utensis
456 2715 538 2786 primi
567 2715 719 2771 tollebatur

136 2809 237 2865 aptius,
254 2796 282 2847 et
296 2790 463 2845 servabatur
480 2803 570 2857 usque
587 2786 621 2842 ad
638 2802 720 2857 quar·

133 2872 191 2922 tam
207 2863 357 2929 decimam,
377 2860 451 2916 unde
467 2865 495 2916 et
510 2857 717 2915 Dotninussett·

134 2942 164 2995 ta
181 2936 226 2994 die
247 2941 312 2992 ante
332 2930 541 3005 quindecimam
560 2930 718 2988 Jerusalem

134 3009 241 3066 intrare
254 3006 353 3071 voluit,
371 3006 448 3077 quasi
463 3004 500 3059 ad
515 3003 606 3059 locum
622 3003 720 3058 immo-

134 3080 248 3138 lationis
263 3079 411 3135 accedcus.
428 3076 507 3143 Quod
528 3073 604 3130 teuit
620 3074 720 3130 lietha-

134 3152 302 3222 uiamque
326 3149 531 3220 interpretatur
549 3147 644 3201 domus
661 3146 720 3201 obe-

135 3224 255 3286 atentia,
283 3220 369 3277 etiam
397 3217 530 3290 congruit
553 3216 686 3289 mysterio
710 3235 717 3273 :

137 3295 240 3366 primo,
254 3298 391 3362 quantum
407 3289 443 3346 ad
465 3305 580 3345 causam
600 3287 719 3344 Passio-

135 3365 190 3433 nis,
211 3363 288 3435 qnia,
303 3361 459 3418 secuudum
474 3361 650 3431 Apostolum,
672 3363 717 3428 fn-

134 3441 193 3492 etus
208 3439 247 3490 est
261 3434 388 3489 obediens
406 3430 481 3486 Patri
498 3432 636 3500 usquead
651 3448 719 3487 mor·

135 3512 206 3573 tent3
226 3506 363 3571 secundo,
376 3502 413 3558 ad
428 3503 548 3557 lruetum
564 3501 717 3570 Passionis,

136 3593 220 3649 quem
258 3578 470 3646 consequuntur
503 3571 544 3628 illi
576 3571 639 3640 soli,
670 3573 717 3644 qui

136 3648 271 3706 obediunt
282 3649 317 3716 ei,
332 3648 409 3718 quia,
422 3645 575 3701 secundum
586 3644 717 3701 eumdem

133 3720 310 3793 Apostolum,
326 3723 418 3786 stratus
428 3722 467 3773 est
481 3718 606 3772 omnibus
619 3717 717 3772 obtem·

155 3794 296 3850 eruntibus
309 3791 374 3854 sili,
391 3806 474 3846 conso
488 3791 588 3845 solutis
600 3794 715 3845 aterna.

133 3811 214 3923 finde
227 3867 408 3933 Hieronymus
429 3879 436 3917 :
461 3883 475 3912 u
497 3862 637 3917 Passurus
654 3862 715 3916 Do-

136 3938 231 3994 minus
247 3953 297 4009 pro
311 3932 387 3991 otuni
401 3932 520 3999 mundo,
531 3937 559 3988 et
569 3932 716 3988 universas

135 4010 267 4066 nationes
285 4024 335 4063 stto
357 4003 494 4087 sanguiue
507 4003 715 4084 redempturus.

133 4081 209 4138 teuit
226 4086 254 4138 el
270 4085 398 4137 moratur
414 4093 443 4133 tn
463 4075 609 4156 Bethania,
627 4075 655 4131 td
675 4082 718 4131 est

133 4153 161 4208 iu
179 4156 256 4209 domo
271 4153 448 4216 obedientiae3
467 4147 600 4203 lunnulus
615 4163 717 4203 cerro-

133 4242 195 4281 rum
215 4241 328 4296 semper
345 4224 383 4279 ad
404 4223 507 4280 lectum
519 4234 611 4300 'suum
631 4217 715 4287 redit,

133 4301 161 4352 et
179 4296 264 4353 Filius
290 4295 426 4352 obediens
451 4295 537 4364 l‘attr,
563 4307 651 4364 usque
680 4291 716 4348 ad

779 709 836 775 tite,
853 709 870 765 it
884 708 892 765 i
907 710 955 780 qui
970 711 1039 765 sunt
1052 709 1257 791 spiritualiter
1275 708 1363 767 mortui

779 781 808 838 in
822 780 955 854 peccatis,
970 786 1190 839 resuscitantur
1214 781 1325 839 reducti
1335 780 1363 838 ai

778 852 865 909 vitam
876 851 1003 925 justitiae,
1024 851 1107 923 quia,
1123 853 1291 911 secundum
1307 856 1365 926 Apo

780 926 893 987 stolum,
913 940 963 995 por
982 926 1065 980 unius
1091 926 1224 982 bominis
1248 926 1366 982 obeditio

778 1014 838 1052 nnn
850 997 923 1066 justi
944 998 1150 1053 constituentur
1173 998 1274 1053 multi.
1299 995 1365 1065 Quod

779 1069 907 1124 iecerunt
923 1067 961 1124 ibi
978 1083 1091 1124 coenam
1112 1068 1261 1137 Domino,
1276 1084 1364 1125 conre-

780 1139 822 1196 nit
838 1139 923 1196 etiam
939 1138 1086 1211 mysterio,
1102 1139 1176 1211 quia
1192 1139 1331 1198 Dominus
1340 1139 1365 1196 in

779 1211 865 1268 domo
885 1210 1053 1268 obedientiae
1071 1211 1275 1282 spiritualiter
1287 1210 1365 1269 tedri-

778 1289 834 1352 tur,
849 1283 1004 1339 delectatus
1016 1281 1045 1338 in
1060 1282 1242 1341 obedientia
1259 1290 1364 1349 nostrin

779 1360 807 1410 et
831 1355 940 1410 llartba
967 1352 1154 1412 ministrabat
1179 1360 1211 1412 et
1227 1355 1364 1427 satagebat

778 1426 854 1482 cirea
870 1424 1363 1555 irequensministeriumfflerffuan

778 1496 1110 1569 significanturpraelati,
1129 1498 1182 1569 qut
1204 1498 1237 1556 in
1249 1496 1364 1556 ececaiis

778 1568 814 1626 ad
836 1569 1024 1626 ministerium
1047 1568 1261 1641 instituuntur,
1280 1585 1364 1627 secun

778 1642 844 1698 dum
860 1641 930 1697 illud
952 1639 1080 1713 Apostoli
1105 1643 1185 1698 :Sia
1204 1659 1257 1699 nos
1277 1643 1364 1699 eeitd·

778 1719 832 1769 ntct
850 1714 927 1769 tomo
939 1722 968 1768 ut
979 1714 1122 1768 ministros
1135 1714 1251 1770 Christi
1258 1730 1268 1785 ;
1282 1721 1310 1771 et
1319 1714 1364 1770 la·

778 1801 860 1841 zarus
879 1782 1064 1841 resuscitatus
1078 1788 1143 1841 erat
1167 1801 1247 1844 unus
1266 1801 1299 1842 ex
1315 1784 1364 1841 dis

778 1856 986 1924 cambeotium,
1009 1870 1060 1927 per
1085 1871 1177 1938 quem
1200 1856 1364 1929 significan-

779 1933 825 1984 tur
839 1926 944 1985 subditi
960 1926 1333 1999 ministertopraelatorum,
1349 1942 1365 1983 a

777 1999 901 2072 peccatis
925 1999 960 2055 ad
985 1998 1225 2070 statumJustitiae
1250 1998 1363 2068 reducti,

778 2070 826 2143 qni
839 2087 904 2127 cum
915 2069 978 2127 aliis
992 2069 1363 2142 iterumspirttualitercnnt

778 2143 898 2200 Domino
913 2147 1061 2199 merentur
1078 2158 1093 2198 e
1114 2142 1205 2199 ulari.
1220 2142 1314 2201 Maria
1325 2158 1364 2199 te·

777 2231 809 2270 ro
820 2214 898 2271 unxit
912 2217 994 2285 caput
1009 2219 1038 2269 et
1050 2157 1140 2287 pedes
1162 2217 1247 2287 Jesu,
1268 2224 1298 2274 et
1318 2229 1364 2272 ea-

777 2285 853 2359 pillis
864 2285 922 2343 suis
936 2284 1061 2353 extersit,
1074 2301 1127 2358 per
1148 2302 1241 2359 quam
1262 2286 1364 2361 signill-

778 2363 878 2414 cautur
893 2356 1102 2429 contemplativi
1115 2357 1175 2415 :de
1189 2375 1227 2416 ea
1242 2361 1320 2416 enim
1329 2356 1364 2415 di

778 2429 852 2486 citur
870 2428 949 2497 alibi,
965 2428 1041 2500 quod
1057 2428 1163 2486 sedens
1173 2445 1262 2488 secus
1283 2430 1363 2503 pedet

779 2500 889 2557 Domini
905 2499 1041 2557 audiebat
1054 2501 1281 2559 verbumillius.
1293 2501 1364 2560 Unde

777 2575 913 2629 Ate-ninus
935 2590 943 2628 ε
967 2592 982 2624 u
1003 2571 1224 2644 Atystice,quod
1239 2582 1366 2632 antean

777 2646 838 2700 dies
851 2644 927 2700 teuit
937 2642 1116 2711 bethaniam,
1128 2643 1283 2715 significat
1297 2644 1366 2718 qued

777 2717 834 2772 ille.
853 2715 900 2787 qni
915 2733 963 2771 sex
978 2714 1078 2772 diebus
1094 2716 1195 2773 omnia
1212 2717 1366 2786 fenerabat

777 2786 1367 2861 settadiebomiucmcreareratdpsasex·

776 2865 805 2915 ta
821 2858 918 2915 mundi
933 2864 1026 2921 aetate,
1042 2863 1120 2914 sexta
1131 2859 1218 2927 feria,
1231 2862 1366 2919 sentatio-

775 2948 815 2989 ra.
831 2930 972 2987 redimere
986 2930 1124 2986 mundum
1135 2938 1272 2990 venerat.
1286 2933 1366 2991 Cena

775 3001 1365 3077 autem[lominicassdesestEcclesiae,qua

773 3075 1012 3147 perdilectionem
1031 3079 1182 3145 operatum
1201 3078 1317 3134 Atartlta
1329 3072 1363 3132 itt

776 3145 928 3215 ministrat,
950 3161 1014 3202 cum
1040 3144 1134 3202 tidelis
1152 3146 1256 3205 anima
1280 3160 1361 3221 opera

775 3234 833 3275 snae
860 3215 1019 3274 devotionis
1050 3218 1174 3274 Domino
1200 3218 1359 3293 impendit

776 3291 897 3346 Lazarus
911 3304 987 3345 unus
999 3292 1043 3345 est
1056 3304 1090 3344 ex
1104 3287 1358 3357 discumbentibus,

776 3377 840 3418 cum
860 3360 889 3417 bi
901 3360 948 3432 qni
962 3364 1028 3432 post
1041 3366 1228 3432 peccatorum
1244 3367 1359 3420 mortem

776 3432 905 3490 suscitati
922 3436 988 3489 sunt
1001 3431 1038 3488 ad
1047 3431 1199 3503 justitiam,
1219 3451 1280 3492 una
1300 3446 1358 3489 cunt

776 3504 816 3561 eis
833 3503 881 3575 qni
896 3502 925 3559 in
940 3519 991 3560 sua
1003 3511 1228 3576 permanserunt
1238 3504 1357 3579 justitia,

775 3577 810 3633 de
833 3577 985 3648 praesentia
1008 3575 1136 3632 veritatis
1157 3577 1315 3648 exsultant,
1331 3580 1356 3631 et

773 3647 898 3706 etelestis
919 3646 1018 3720 gratiae
1041 3663 1162 3705 munere
1184 3648 1312 3707 aluntur.
1328 3648 1358 3702 lit

773 3720 846 3777 bene
866 3718 920 3776 ista
934 3735 1014 3775 coena
1033 3717 1063 3775 in
1079 3719 1222 3777 Bethania
1237 3720 1357 3779 celebra·

773 3798 830 3860 tur,
842 3808 905 3863 quaa
916 3790 1119 3872 interpretatur
1128 3791 1228 3849 domus
1241 3792 1357 3849 obedien·

773 3867 826 3931 tia,
849 3879 915 3919 nam
929 3861 1054 3919 Ecclesta
1070 3867 1111 3918 est
1125 3863 1299 3922 obedientiae
1312 3862 1356 3919 do·

772 3951 857 3991 mus:
872 3956 886 3984 »
903 3935 964 3990 lttec
981 3935 1127 3991 Aleuinus.

807 4011 823 4060 :t
836 4009 925 4062 tlltnut
938 4023 1022 4062 catur
1034 4007 1144 4062 Cnntsrt
1157 4025 1250 4065 xsttno
1263 4022 1356 4065 rtsrtcn

773 4080 1355 4148 snare-Murioerpo...uenit...etnreea·

772 4150 1038 4218 sitadeumtesum,
1048 4153 1241 4221 tamquamnd
1254 4153 1355 4209 iontem

772 4220 974 4278 misericordia¹
1002 4222 1146 4279 lavantem
1180 4222 1357 4281 infirmitates

772 4296 897 4360 nostras3
915 4294 1017 4350 lotitans
1035 4294 1210 4353 carolastrum
1228 4294 1358 4367 unuuntti
