2820 4928
84 278 134 333 8⁶⁴

88 381 156 439 dite.
188 373 318 442 Christus
343 386 427 442 lestis
455 383 539 450 diclt3
570 382 678 453 audite,

91 453 209 522 credite,
224 464 346 527 sperate,
359 455 537 513 considerate
553 455 629 525 quiid
640 453 681 509 di-

93 525 132 582 cit
146 545 152 582 ·.
167 530 259 596 Pater,
273 527 375 599 inquit,
390 543 459 598 quoe
475 527 578 583 dedisti
597 526 680 595 mibi,

93 599 154 654 uolo
167 604 198 653 ut
219 600 267 654 ubi
290 615 337 667 epo
361 615 432 660 sum.
451 605 476 655 et
490 600 537 654 itti
555 600 612 653 sint
625 614 680 653 me·

93 686 163 726 eum.
186 670 237 738 Qui
262 678 328 727 sunt
345 669 389 727 isti
412 686 483 742 quos
504 669 545 727 ait
563 684 581 725 a
598 670 681 725 Patre

92 739 176 796 datos
193 740 268 799 sibi?
283 744 382 799 Nonne
396 741 438 798 illi
453 742 489 798 de
504 740 606 812 quibus
624 741 681 797 alio

94 810 124 868 iu
144 810 206 868 loco
229 813 318 869 dicit:
334 817 417 872 Nemo
436 818 524 885 potest
540 815 631 867 venire
645 812 682 866 od

94 898 136 937 me
150 886 206 938 nist
220 886 313 953 Pater,
328 888 377 956 qui
396 887 474 940 misit
486 901 547 952 me,
564 885 683 938 traxerit

96 958 206 1010 euml»
222 957 255 1010 Et
269 954 372 1013 iterum
384 973 391 1011 :
405 978 417 1006 a
432 956 611 1036 Quapropter
624 969 681 1010 om·

95 1025 180 1081 uibus
210 1028 346 1084 membris
373 1026 433 1083 suis
464 1025 603 1098 promittit
630 1026 683 1081 boc

96 1097 257 1178 praemium,
272 1105 302 1155 ut
318 1098 364 1156 ubi
378 1104 421 1154 est
434 1097 494 1169 ipse
507 1101 536 1153 et
552 1113 605 1153 uos
619 1111 683 1153 cum

97 1166 145 1223 illo
155 1168 253 1225 simus.
269 1171 324 1227 Nec
338 1168 441 1240 poterit
455 1185 511 1225 nou
525 1168 599 1237 fieri,
608 1167 684 1239 quod

97 1240 285 1312 omnipotenti
301 1241 375 1298 Patri
387 1256 418 1296 se
429 1241 500 1297 velle
515 1239 583 1296 dixit
596 1237 686 1295 omui·

99 1317 200 1382 potens
211 1312 296 1368 Filius
309 1331 316 1370 :
331 1334 344 1366 a
359 1314 421 1369 baec
437 1314 618 1382 depastione.
631 1311 685 1366 Un-

99 1381 134 1437 de
145 1389 174 1439 et
186 1386 333 1441 Amelmus
347 1404 355 1440 :
371 1405 385 1436 a
400 1386 477 1440 luter
490 1384 633 1448 haer,cum
646 1380 687 1438 di-

58 1508 65 1514 .
99 1454 224 1524 scipulos
255 1454 450 1513 sacratissima
474 1454 522 1511 illa
558 1453 687 1510 oratioue

99 1527 327 1583 commendans:
348 1530 440 1591 Pater,
461 1524 573 1592 dixerit,
592 1526 685 1593 Pater,

98 1611 177 1650 aerea
199 1613 242 1652 eos
265 1601 295 1653 a'n
310 1601 419 1653 nomine
434 1603 490 1658 tuo.
510 1596 619 1652 inclina
633 1611 687 1651 ca-

101 1673 151 1738 put
169 1673 262 1731 tuum,
279 1675 310 1724 ut
325 1667 464 1725 merearis
478 1667 577 1724 audire
595 1684 602 1722 ε
621 1667 687 1723 Volo

100 1743 132 1792 ut
147 1738 195 1792 uba
217 1755 265 1808 epo
289 1756 349 1795 sum
373 1744 399 1794 et
418 1741 463 1794 illi
485 1743 542 1794 sint
569 1754 687 1804 mecum,-

99 1808 208 1865 bouum
231 1809 344 1868 esttibi
364 1811 410 1867 hic
430 1826 502 1877 esse,
521 1810 571 1866 sed
588 1825 689 1866 exeun-

102 1879 170 1935 dum
186 1887 229 1937 est
244 1896 251 1935 ε
269 1903 283 1935 »
300 1883 361 1939 baec
376 1884 533 1940 anselmus.

143 1954 276 2011 18Huvus
295 1972 438 2011 omniorus
455 1955 554 2010 Dorum
569 1968 689 2010 numano

102 2038 135 2077 ar
156 2041 302 2082 arsimus.
322 2058 355 2068 -
375 2027 397 2083 Ο
422 2042 508 2096 quam
526 2023 691 2081 dulcissima

102 2096 237 2152 orationis
252 2099 348 2166 verba,
368 2098 528 2154 antidotum
548 2102 575 2154 et
593 2111 691 2152 reme-

102 2164 180 2222 dium
192 2169 227 2224 ad
243 2185 356 2226 omuem
370 2168 571 2226 adversitatem
587 2174 616 2224 et
630 2183 692 2238 pec-

103 2240 222 2305 catum;
249 2242 330 2311 cujus
356 2239 528 2297 dulcissimae
555 2237 692 2294 orationis

102 2308 272 2380 principium
287 2316 314 2368 et
330 2311 394 2366 linis
409 2312 439 2368 iu
455 2325 524 2382 pace
537 2317 565 2365 et
579 2307 690 2365 dilecti-

105 2396 160 2435 one
177 2381 314 2450 consistit,
331 2382 366 2438 ad
383 2396 467 2491 cpuam
489 2382 640 2453 praecipue,
662 2385 692 2436 ut

104 2451 209 2507 dictum
225 2461 277 2521 est,
291 2452 399 2510 tendit.
418 2455 451 2508 Et
466 2451 554 2508 multa
569 2450 625 2508 alia
639 2453 692 2508 Do·

105 2521 199 2578 miuus
220 2526 303 2580 lesus
325 2524 469 2596 discipulis
488 2523 610 2584 dicebat.
628 2538 691 2594 quae

106 2610 171 2650 vere
186 2598 273 2652 corda
288 2596 390 2653 devota
405 2595 585 2652 scindebant.
603 2596 631 2650 Si
645 2610 690 2650 er·

104 2681 140 2791 5⁰
152 2665 180 2721 in
196 2683 401 2740 sermoneque
416 2667 491 2723 dicta
505 2672 570 2723 sunt
584 2672 691 2722 attente

127 2739 284 2806 iscusseris,
304 2745 332 2795 et
354 2739 506 2809 diligenter
528 2736 691 2794 meditando

105 2809 304 2878 ruminaveris,
320 2810 348 2866 iu
365 2827 464 2867 eorum
481 2808 630 2866 dulcedine
646 2824 691 2863 re·

105 2879 269 2950 quiesceus3
282 2881 382 2938 merito
395 2881 574 2938 inardescere
584 2879 692 2952 poteris

104 2951 140 3007 ad
164 2956 272 3009 tautam
297 2953 503 3036 dignationem,
531 2950 691 3022 benignite-

105 3023 693 3096 tem,providentiam,diligentiam,etca-

105 3095 231 3164 ritatem,
251 3102 280 3153 et
304 3100 379 3153 circa
399 3097 456 3153 alia
472 3112 523 3167 per
540 3093 691 3151 Dominum

104 3164 157 3220 hoc
173 3183 237 3223 sero
250 3174 339 3239 gesta.
352 3171 390 3224 Ex
402 3168 505 3239 quibus
517 3165 624 3238 poteris
637 3165 693 3220 col·

104 3235 192 3307 ligere
208 3237 372 3295 tasciculum
386 3244 486 3294 contra
500 3252 614 3294 omnem
629 3242 691 3291 ten·

104 3307 241 3364 tationem
269 3316 296 3365 et
324 3309 549 3380 adversitatem,
577 3308 691 3365 salubre

104 3381 307 3463 consolationis
320 3381 489 3437 remedium.

104 3452 691 3602 1aatalla.atltatttltlltaa‚

103 3607 248 3663 praecrpua
274 3592 474 3648 recordatione
493 3599 605 3648 constat
628 3608 691 3648 esse

102 3663 477 3734 dignissimumllnaloillud
488 3663 690 3720 sacratissimae

103 3750 193 3792 coeuae
208 3735 381 3804 convivium,
399 3738 427 3792 in
445 3753 501 3808 quo
520 3752 577 3792 uon
597 3735 690 3793 solum

103 3823 194 3878 agrius
210 3809 349 3880 paschalis
364 3806 532 3880 proponitur
546 3810 583 3864 ail
597 3807 690 3865 eden-

106 3877 175 3934 dum
187 3897 194 3947 3
212 3879 397 3937 verumetiam
406 3881 503 3950 Agnus
516 3879 690 3948 immolatus,

102 3950 151 4020 qui
166 3951 239 4007 tollit
258 3957 373 4023 peccata
390 3950 499 4020 mundi,
519 3951 571 4006 sub
596 3951 691 4022 specie

101 4021 183 4092 panis
199 4025 343 4093 praebetur
356 4022 500 4078 iucibum.
515 4025 611 4092 luquo
624 4022 689 4092 qui·

101 4096 166 4147 dem
182 4096 310 4150 convivio
328 4093 400 4150 mira
418 4093 538 4151 dulcedo
551 4093 689 4150 bonitatis

100 4162 204 4220 Christi
221 4164 339 4233 refulsit,
356 4166 470 4235 quando
486 4182 549 4223 cum
564 4180 688 4237 pauper·

102 4233 172 4290 culis
184 4234 239 4292 illis
247 4235 405 4308 discipulis,
414 4240 464 4295 etl
468 4237 523 4295 uda
529 4237 687 4311 proditore,

431 277 587 329 st'ct'ltva
616 276 734 330 Paulis
761 273 868 327 utt‘ttt
899 271 982 326 bt'tl

735 381 837 439 eadem
862 394 972 435 mensa
1002 384 1039 435 et
1069 379 1199 436 scutella
1225 383 1329 438 cenant.

735 450 961 509 blirumclaruit
976 449 1172 507 humilitatis
1186 453 1329 524 exemplum.

735 525 802 580 dum
827 522 918 595 pedes
937 524 1136 604 piscatorum
1158 530 1189 580 et
1202 525 1330 595 proditoris

735 596 789 662 sui,
799 598 854 652 Rea
865 594 972 666 glorias
988 594 1182 666 praecinctus
1196 595 1279 652 linteo
1289 605 1331 653 stu·

736 666 900 724 diosissime
918 665 1005 722 lavit.
1029 666 1108 724 Mira
1144 669 1219 724 atuit
1233 670 1332 724 muniti-

737 738 838 796 ceutiae
854 736 946 810 ipsius
959 737 1106 810 largitas,
1137 754 1188 795 um
1201 740 1332 795 sacerdoti·

737 811 790 868 bus
799 809 855 866 illis
866 808 985 880 primis,
998 815 1030 866 et
1039 825 1096 882 per
1109 826 1293 882 consequens
1303 817 1333 867 to

737 881 758 937 ti
784 880 917 937 Ecclesiae
937 885 969 937 et
988 881 1058 938 orbi
1074 890 1227 938 terrarum
1242 884 1333 954 Corpus

738 968 821 1010 suum
845 950 1098 1022 sacratissimum,
1121 960 1153 1010 et
1174 953 1332 1026 Sanguinem

738 1040 805 1081 vere
819 1023 848 1079 iu
863 1023 959 1080 cibum
978 1023 1064 1080 dedit
1081 1030 1114 1081 et
1133 1033 1247 1098 potum.
1262 1025 1332 1082 uirus

738 1095 853 1152 tandem
873 1095 995 1151 emicuit
1011 1095 1189 1153 dilectionis
1208 1113 1331 1153 excessis.

740 1165 891 1239 quandoiu
906 1166 965 1223 fine
977 1166 1114 1239 diligens
1125 1168 1331 1225 suostamdulei

740 1237 935 1295 exhortatione
948 1238 1138 1295 confortavit
1151 1239 1182 1296 iu
1195 1244 1281 1307 bono,
1293 1241 1331 1295 Pe·

741 1318 815 1366 trum
826 1308 992 1380 specialiter
999 1325 1197 1383 praemonens
1209 1312 1248 1368 ad
1261 1311 1332 1366 tidem

742 1387 770 1438 et
784 1381 882 1444 robur,
899 1385 927 1436 et
940 1381 1053 1437 loanni
1072 1382 1233 1439 conterens
1252 1387 1334 1453 pedu

742 1453 778 1510 ad
794 1451 953 1508 recubitum
974 1452 1098 1510 dulcem
1123 1459 1153 1510 et
1181 1454 1331 1511 sacrumb

763 1539 828 1580 uam
843 1521 917 1579 mira
933 1530 1003 1580 suut
1030 1525 1100 1581 baec
1117 1525 1222 1582 omnia
1238 1526 1334 1597 repleta

742 1541 893 1653 dulcedine
915 1593 953 1650 illi
968 1595 1129 1652 dumtaxat
1142 1597 1261 1663 animae,
1280 1612 1332 1668 qua

744 1667 781 1725 ad
803 1674 861 1724 tam
884 1665 997 1723 celebre
1026 1674 1137 1724 vocata
1168 1667 1332 1737 convivium,

744 1743 823 1795 tanto
837 1739 938 1793 urentis
952 1737 1044 1794 currit
1060 1740 1185 1809 ardore,
1209 1744 1241 1797 ut
1255 1739 1333 1812 possit

745 1810 814 1866 illud
828 1808 1024 1879 propheticum
1038 1817 1166 1868 cantare
1181 1831 1188 1868 :
1204 1811 1334 1879 Quemad-

744 1882 855 1938 modum
882 1881 1022 1937 destderat
1050 1899 1154 1939 ceruus
1186 1885 1227 1940 ed
1254 1886 1335 1951 sontes

745 1968 893 2024 equorum,
910 1956 962 2008 etc.
976 1953 984 2008 l
1000 1953 1146 2026 conspice
1163 1971 1181 2011 e
1220 1954 1335 2010 ollomi·

747 2040 815 2081 num
831 2025 897 2080 dum
921 2023 1058 2094 loquitur,
1078 2041 1170 2096 quom
1215 2044 1233 2081 o
1248 2025 1334 2082 effica-

746 2095 827 2162 citer,
836 2094 935 2151 devote
944 2100 971 2151 et
984 2095 1205 2154 delectabiliter
1213 2097 1336 2168 loquens,

746 2165 1052 2247 imprimitdiscipulis’
1063 2168 1127 2224 suis
1142 2184 1213 2240 quae
1228 2174 1334 2231 narrat;

747 2246 775 2295 et
792 2254 916 2308 pascaris
932 2240 962 2293 iu
977 2238 1148 2296 auvoeuitate
1163 2246 1299 2310 aspectus
1311 2246 1335 2293 ct

747 2310 900 2367 verborum
909 2309 978 2381 eJ'us.
996 2311 1137 2383 Couspvce
1152 2315 1246 2368 etiam
1261 2309 1336 2365 disci·

746 2382 841 2455 pulos,
862 2380 1004 2452 quomodo
1028 2389 1097 2438 suut
1118 2386 1233 2451 moesti,
1253 2382 1336 2452 lacm-

748 2456 858 2509 mautes
869 2461 897 2508 et
906 2451 1027 2522 suspiria
1037 2452 1155 2511 dautes.
1170 2453 1253 2511 Pleni
1264 2452 1334 2510 enim

748 2531 813 2581 sunt
827 2522 953 2594 tristitia,
968 2528 1000 2579 ut
1014 2523 1049 2580 de
1065 2526 1120 2581 hoe
1140 2525 1209 2598 ipsa
1230 2524 1336 2582 Veritas

747 2594 941 2653 testimouium
962 2596 1027 2664 lert,
1046 2595 1148 2653 diceus
1170 2615 1179 2652 ι
1199 2598 1256 2655 Sed
1274 2598 1335 2667 qaia

748 2669 813 2731 lac,
828 2666 935 2723 scilicet
949 2666 985 2723 de
1000 2683 1117 2724 recessu
1133 2684 1215 2737 meo,
1236 2671 1337 2724 tamtus

747 2756 808 2795 sum
829 2739 916 2805 uobis,
933 2742 1050 2794 tristitie
1076 2742 1211 2809 impleuit
1231 2756 1278 2796 cor
1293 2755 1335 2793 ac-

747 2816 845 2871 etrum.
859 2817 887 2864 et
901 2808 1004 2866 doletis
1015 2826 1059 2866 me
1075 2811 1184 2867 vestris
1200 2827 1337 2882 corpora-

748 2880 1336 2944 libussubtrahioculis.luteraliosauteu

749 2952 879 3023 conspice
893 2954 1041 3016 loannem.
1054 2953 1151 3010 eidem
1168 2952 1337 3011 familiarius

749 3025 952 3090 cohaerentem,
989 3024 1093 3081 ualiter
1108 3031 1223 3082 attente
1237 3031 1267 3081 ct
1280 3022 1338 3081 dili·

748 3101 849 3166 genter
866 3096 942 3177 lrunc
966 3041 1102 3177 dilectum
1122 3113 1210 3154 suum
1228 3095 1336 3168 aspicit

748 3172 777 3223 et
790 3173 920 3223 tenerius
930 3173 1060 3224 anxiatus
1068 3169 1169 3223 omnia
1177 3169 1269 3225 verba
1279 3168 1338 3239 eius

749 3236 899 3308 recolligit.
923 3240 985 3309 lpse
1004 3238 1081 3295 euim
1098 3238 1285 3295 solummodo
1307 3253 1339 3293 ea

749 3307 914 3367 describens
924 3308 1044 3365 tradidit
1057 3309 1148 3366 uobis.
1167 3310 1340 3367 Benedictus

748 3381 809 3453 ipse
823 3383 960 3449 loannes,
982 3381 1029 3452 qui
1047 3397 1135 3453 supra
1162 3388 1267 3453 pectus
1287 3383 1339 3436 bo·

750 3451 820 3507 mini
836 3453 1005 3508 recumbens
1018 3454 1079 3508 baec
1095 3453 1218 3533 potavit,
1236 3459 1266 3508 et
1282 3466 1338 3507 me·

749 3522 869 3579 moriter
888 3526 1015 3580 retinens
1039 3524 1123 3579 uobvs
1151 3540 1189 3580 ea
1214 3522 1338 3595 scripsit.

748 3594 848 3652 Nullus
860 3593 900 3650 sic
914 3594 1038 3651 fideliter
1054 3598 1082 3651 et
1094 3594 1341 3652 familiariterllo

748 3665 826 3722 nrino
849 3666 980 3733 adhaesit,
998 3672 1028 3721 ut
1041 3668 1180 3723 loannes.
1210 3669 1243 3722 ln
1261 3681 1341 3722 coena

745 3738 825 3807 juxta
849 3752 914 3792 eum
942 3737 1026 3807 sedit,
1052 3736 1118 3793 licet
1145 3744 1226 3794 esset
1244 3739 1341 3809 junior

748 3807 868 3865 aliorum
879 3827 886 3875 3
897 3816 926 3864 et
937 3811 1053 3880 quaudo
1069 3815 1168 3880 captus
1185 3809 1251 3876 luit,
1266 3823 1341 3864 secu·

747 3885 793 3935 tus
806 3886 847 3935 est
862 3895 926 3935 euru
942 3884 970 3935 in
983 3880 1087 3937 atrium
1098 3880 1239 3952 principis
1248 3894 1348 3936 sacer·-

748 3951 861 4020 dotum;
877 3957 905 4006 et
920 3967 973 4006 nec
992 3951 1021 4007 in
1038 3950 1225 4008 crucifixione
1240 3967 1296 4007 uec
1313 3949 1341 4005 iu

748 4027 983 4094 morte,uecpost
996 4027 1119 4078 mortem
1134 4038 1202 4079 eum
1218 4021 1340 4091 dimisit,

747 4108 898 4222 quousaue
912 4094 1039 4165 sepultus
1052 4093 1115 4151 luit.

784 4185 817 4221 oo
868 4182 954 4222 aeriis
982 4183 1048 4222 rosr
1074 4180 1171 4221 ceusu
1202 4181 1340 4232 monins,

748 4253 899 4296 eousnrrun
910 4239 1044 4294 Dourrvus.
1059 4269 1094 4279 —
1104 4238 1150 4308 Et,
1162 4236 1233 4307 quia
1247 4238 1340 4294 Domi·
