2820 4928
83 338 129 389 too
422 337 581 389 stultum
610 336 728 391 thuris
757 335 863 388 Chl‘l'l'
892 333 983 385 Xxll'

87 458 201 499 monem
218 459 225 498 ι
241 444 318 499 Sicut
337 443 443 512 palmes
460 443 586 497 exaltata
610 457 671 497 sunt
727 438 856 513 apparet,
867 438 943 510 quod
954 442 984 495 et
995 453 1112 495 nomen
1123 435 1317 519 eius-etpatris

85 519 116 571 in
132 515 227 578 Codes.
243 519 268 569 et
294 516 376 584 quasi
392 515 531 584 plantatio
550 529 618 568 rosae
640 516 672 569 tn
727 512 817 586 ipsius
832 515 941 569 hiaraus
960 514 1225 567 commemoravit.
1238 512 1317 565 liasti-

86 588 203 644 Jeriaho.
217 587 290 655 Ergo
306 586 367 640 haea
382 585 485 640 estilla
498 584 672 656 speciosissi-
727 601 811 640 meas
837 587 908 640 enim
931 585 1032 639 Timet
1058 584 1154 653 fitius,
1181 598 1218 638 ex
1240 581 1318 653 aliqua

86 675 134 714 ma
149 673 223 725 rosa,
240 656 389 712 sanctitate
405 657 523 727 justitiae
539 656 670 726 eandida,
727 673 832 727 magna
852 654 987 712 felicitate
1004 654 1160 736 dejectus,
1175 652 1317 735 notissima

83 737 111 786 et
123 728 267 784 Passionis
279 728 420 799 sauguine
432 728 602 784 rubicunda.
614 728 671 784 Sia·
728 733 757 785 et
784 726 981 783 famosissimae
1008 726 1147 784 miseriae
1175 726 1242 793 luit,
1260 725 1319 796 quod

87 805 118 857 ut
151 799 226 855 enim
256 816 322 856 rosa
357 805 511 871 autequam
541 800 672 856 videatur
727 800 1006 865 nonsolumcaeeus,
1026 814 1134 855 verum
1152 797 1243 854 etiam
1256 812 1317 853 men·

87 870 218 939 sentitur,
228 871 672 943 etantaquaminveniaturtene·
728 870 806 928 dicus
829 871 956 927 sedebat.
984 872 1062 927 ltine
1084 876 1135 926 est
1160 885 1232 941 ergo
1257 868 1317 940 qnod

87 949 133 999 tur
152 942 181 999 in
197 943 333 999 odoribus
349 943 426 1011 suis‚·
445 943 485 999 sie
504 949 532 999 et
552 943 671 1000 Domino
727 942 820 1015 ipsum
840 942 929 999 voluit
946 957 1190 999 commemorare
1211 943 1317 1007 Marem,

86 1019 251 1071 transeunte
271 1015 306 1071 de
330 1015 425 1085 louge,
442 1016 495 1071 duo
521 1015 598 1083 caeci,
614 1031 672 1071 an·
729 1018 809 1085 cujus
821 1014 993 1071 illuminatio
1016 1017 1079 1070 tam
1095 1014 1212 1070 claram
1228 1012 1316 1069 lamam

86 1092 202 1158 tequam
229 1103 296 1143 eum
328 1086 467 1155 viderent,
494 1086 672 1144 divinitatem
728 1086 1317 1157 bniomirarulocomparavit,quamerat

87 1159 150 1230 ejus
173 1158 332 1246 fragrantia
356 1164 506 1216 senserunt
532 1182 539 1217 ι
569 1180 579 1211 t
611 1159 672 1214 haec
728 1156 1317 1240 illiusnotaaalamitas.»tindeaitliedm

89 1233 307 1302 chrysostomus,
730 1253 745 1282 a
761 1233 794 1287 Et
811 1233 884 1287 bene
901 1231 1023 1300 hiareus,
1046 1246 1096 1300 qur
1118 1245 1175 1301 pro
1194 1228 1316 1308 Gentibus

125 1306 219 1360 alluo
247 1321 310 1359 caat
340 1301 458 1360 Cunrsro
486 1319 672 1371 orranuurua,
729 1299 1316 1380 suumseribobatEvangelium,unumdr7

89 1392 163 1430 arcer
191 1394 225 1431 ne
254 1392 308 1431 uso
337 1392 444 1431 huhrau
472 1377 583 1431 hireneus
608 1392 673 1430 uns·
728 1374 766 1430 eit
777 1374 979 1444 illuminatum,
995 1378 1158 1442 uteorum,
1170 1388 1244 1444 quos
1257 1371 1318 1428 insta

88 1465 188 1502 mones
205 1464 308 1502 rucrur.
322 1478 357 1487 —
374 1446 452 1502 Unde
472 1446 601 1517 sequitur
615 1463 622 1501 ι
637 1449 673 1501 Et
730 1448 827 1502 tuebat
837 1446 872 1502 ad
883 1444 1148 1514 ssdem‚salrationi
1162 1445 1257 1516 ligura
1265 1459 1317 1500 eon·
1358 1474 1362 1492 ·

87 1535 146 1574 eece
160 1521 214 1573 cluo
229 1521 292 1574 caet
310 1518 431 1573 sedentes
451 1533 527 1573 secus
546 1521 628 1585 atain,
641 1522 673 1572 ut
730 1523 855 1590 grueret.
872 1518 1021 1574 Mattheus
1036 1532 1121 1585 vero,
1138 1517 1190 1587 qui
1206 1532 1257 1589 pro
1272 1517 1317 1572 lle·

88 1588 299 1661 eleemosynam
321 1593 483 1659 peterenta
503 1587 671 1644 transeunti·
731 1589 814 1646 brasis
837 1605 919 1645 suum
949 1587 1098 1645 scribebat
1128 1588 1318 1660 Euangeliou,

88 1661 153 1728 bus,
169 1677 225 1715 non
240 1666 349 1714 remote
364 1674 381 1713 a
395 1658 440 1714 via
455 1658 563 1725 salutis,
579 1659 672 1714 audie·
730 1662 807 1733 quod
817 1661 846 1717 in
854 1661 985 1718 Gentium
996 1676 1117 1732 quoque
1127 1660 1262 1716 notitiam
1269 1666 1320 1716 erat

87 1737 153 1785 rant
173 1747 190 1786 a
208 1729 422 1785 transeuntibus
435 1734 501 1800 qaia
516 1734 604 1799 lesus,
619 1733 672 1786 Na·
730 1738 946 1804 perventurum,
963 1740 1040 1788 reate
1055 1734 1131 1787 duos
1144 1732 1219 1788 dicit
1232 1729 1320 1788 illuni·

89 1817 208 1858 zareuus
224 1800 300 1858 omni
312 1803 382 1858 tlore
393 1801 528 1858 virtutum
538 1818 671 1868 vernaus,
730 1812 820 1871 natos,
831 1810 862 1861 ut
871 1805 907 1860 ad
921 1810 1076 1874 utrumque
1091 1805 1235 1876 populum
1247 1817 1321 1860 unam

89 1872 670 1945 transiret.0lelixauditio,rumorlevisl
730 1878 919 1948 eamdemque
943 1873 1010 1931 fidei
1034 1874 1166 1958 gratiam
1187 1875 1320 1947 pertinere

89 1947 175 2003 Multi
188 1945 265 2002 enim
282 1962 358 2015 repes
380 1951 406 2002 et
429 1949 569 2018 Prophetae
585 1948 674 2002 uotae·
731 1948 863 2017 doceret;
879 1947 928 2018 qui
942 1948 1029 2003 etiam
1040 1963 1071 2002 rn
1085 1946 1228 2018 sequenti
1238 1945 1322 2003 lectio

87 2023 155 2074 rant
169 2019 277 2088 audire,
293 2024 319 2075 et
330 2035 384 2074 non
398 2019 555 2075 andierunt.
567 2022 613 2087 Et,
625 2016 674 2073 mi·
731 2036 767 2076 ne
789 2020 824 2077 de
837 2018 931 2088 asino,
947 2019 977 2074 in
990 2034 1048 2090 quo
1063 2017 1213 2075 Dominus
1230 2018 1319 2076 sedere

88 2089 274 2147 sericordiam
297 2106 360 2147 cum
387 2090 511 2147 elamore
533 2096 673 2163 petentes,
699 2088 702 2155 l
731 2090 864 2162 dignatus
888 2096 946 2160 est,
968 2090 1101 2146 eamdem
1124 2089 1318 2164 Evangelioam

89 2165 277 2218 clamaverunt
293 2164 412 2217 dieentes
431 2182 439 2217 :
455 2166 578 2229 Domine,
593 2165 674 2217 mise·
699 2160 703 2243 l
731 2179 846 2220 serrare
866 2162 1040 2232 Scripturam
1059 2163 1177 2219 curavit
1200 2185 1208 2219 ε
1229 2182 1243 2215 n
1266 2163 1319 2218 hee

88 2249 151 2290 rere
163 2236 262 2300 nostri,
277 2235 320 2302 ttti
335 2233 436 2296 Dauid,
455 2238 504 2289 tua
519 2232 675 2304 compassi·
699 2248 702 2267 ¹
731 2236 816 2294 Beda.
831 2234 1009 2302 Bartimaens,
1022 2234 1069 2316 qui
1084 2235 1166 2303 filias
1203 2234 1318 2303 inpendi·

88 2320 142 2360 one
164 2309 290 2358 nostram
312 2302 458 2358 miseriam
488 2304 674 2360 removendo.
700 2272 703 2357 l
731 2306 994 2388 nisinterpretatur
1016 2305 1164 2362 sanificat
1178 2251 1317 2362 flaminem

91 2377 201 2432 Voeant
222 2388 289 2429 eum
303 2373 394 2429 hlium
413 2374 513 2443 David,
528 2374 595 2445 quia
612 2392 675 2431 ere·
733 2379 761 2436 in
778 2378 888 2434 delicus
907 2348 1070 2434 carnalibus
1088 2378 1249 2448 nutritum,
1263 2376 1319 2433 idn

90 2446 197 2503 debant
209 2460 275 2501 eum
291 2460 354 2501 esse
371 2446 525 2516 Christum,
541 2464 592 2519 per
607 2449 676 2504 Pro·
732 2450 837 2507 dicitur
848 2465 950 2517 caeaus,
961 2448 1234 2521 scilicetsapieutiae
1248 2449 1319 2506 lumi·

89 2519 191 2591 phetas
219 2516 409 2588 promissum,
434 2523 463 2575 et
488 2525 589 2576 notum
616 2524 677 2577 erat
732 2540 768 2579 ne
785 2521 924 2595 privatus,
940 2523 976 2577 de
994 2537 1050 2592 qua
1069 2519 1180 2576 dieitur
1201 2523 1231 2577 in
1251 2521 1318 2579 Job:

90 2589 165 2662 apud
188 2604 289 2644 omues
310 2589 436 2660 iudans,
456 2592 532 2662 quod
548 2593 677 2649 Christus
732 2596 810 2662 Quod
826 2610 879 2649 non
899 2595 1042 2648 inuenitur
1059 2593 1090 2646 in
1107 2597 1187 2647 ten-a
1206 2595 1321 2649 suaviter

89 2662 126 2718 de
136 2660 245 2717 semine
254 2660 342 2717 David
350 2667 411 2718 erat
424 2664 593 2720 nasciturus.
606 2666 676 2721 Cum
732 2669 893 2733 vinealium,
903 2662 1089 2736 quiadeliciae
1100 2663 1321 2721 carnaleshebe

91 2749 194 2804 magna
211 2731 344 2789 desiderii
359 2733 515 2792 intentione
529 2736 676 2793 clamave-
733 2743 794 2794 tant
814 2737 999 2793 intellectum.
1019 2737 1052 2791 Et
1070 2734 1150 2800 talis,
1167 2751 1238 2792 cum
1252 2731 1320 2792 audit

91 2811 168 2874 runt,
189 2809 217 2860 et
234 2819 338 2877 magno
359 2805 502 2863 desiderio
522 2806 677 2865 illuminari
732 2810 766 2866 de
778 2809 934 2877 salvatore,
948 2809 1032 2864 debet
1050 2806 1181 2863 clamare
1199 2807 1238 2864 ad
1254 2822 1320 2873 eum,

91 2877 315 2951 postulaverunt,
334 2879 456 2935 confessi
476 2880 566 2936 David
587 2880 677 2937 hlium
732 2896 785 2954 per
798 2881 958 2937 orationem
970 2879 1116 2947 devotam,
1130 2884 1163 2935 ut
1174 2879 1214 2935 ab
1227 2879 1275 2936 illo
1287 2894 1322 2935 re·

91 2965 284 3023 peromnem,
298 2953 389 3007 Deum
404 2951 491 3008 etiam
511 2952 539 3008 in
559 2969 593 3008 eo
614 2969 677 3009 esse
733 2951 819 3024 cipiat
831 2951 978 3024 sapientiae
993 2953 1101 3017 lumen,
1114 2952 1165 3021 qui
1181 2951 1235 3007 dat
1247 2953 1321 3007 amni·

90 3026 232 3079 uraverunt
251 3038 303 3093 per
320 3023 548 3096 inspirationem.
566 3024 618 3081 Ubi
638 3024 678 3081 ait
735 3025 783 3080 bus
791 3027 947 3096 affluenter,
956 3024 1056 3080 saltem
1064 3020 1100 3079 de
1109 3020 1320 3080 necessariisad

93 3096 301 3164 carpentanus
325 3114 334 3150 :
356 3117 370 3148 a
394 3097 559 3168 Opportune
583 3102 677 3153 autem
733 3097 864 3153 salutem.

92 3166 178 3223 oblati
201 3171 268 3224 suut
290 3171 357 3222 aute
377 3168 480 3224 taciem
500 3167 604 3225 Christi
623 3168 677 3224 duo
769 3171 1149 3225 5tnnnneacos1scnnrms
1163 3183 1320 3231 optassem·

90 3237 169 3307 eaeci,
186 3245 226 3308 ut,
245 3238 353 3310 apertis
371 3239 473 3309 oculis,
489 3239 570 3311 quasi
592 3245 678 3297 testes
733 3241 829 3296 riser?
854 3269 889 3282 —
918 3239 1011 3295 Turba
1039 3243 1132 3295 antem
1163 3238 1317 3297 doctrinam

91 3307 204 3364 virtutis
227 3311 288 3380 ejus
307 3310 495 3366 ascenderent
514 3327 578 3367 eum
594 3328 628 3368 eo
648 3311 677 3368 in
734 3312 837 3369 Christi
862 3311 1038 3378 auscultans,
1062 3309 1166 3366 videns
1195 3310 1318 3368 sordidas

89 3379 259 3437 Jerusalem.
281 3379 314 3436 lli
330 3381 508 3438 currentium
528 3382 678 3454 strepitum
734 3389 836 3452 vestes,
864 3399 922 3439 nou
946 3381 1130 3439 conscientias
1150 3383 1317 3451 claritatem,

92 3449 257 3531 audiebant,
269 3455 298 3506 et
310 3467 449 3523 personas
462 3468 518 3508 non
532 3452 678 3522 videbant,
734 3455 895 3527 increpabat
915 3470 959 3511 eos
980 3459 1012 3510 at
1033 3459 1175 3523 tacerent3
1193 3455 1261 3528 qnia
1273 3469 1319 3528 per

91 3520 163 3577 mhrl
177 3521 268 3579 solum
283 3523 423 3579 habentes
434 3524 469 3580 de
485 3528 544 3579 toto
560 3540 680 3595 corpore
735 3527 889 3584 clamorem
901 3542 984 3583 suum
998 3527 1113 3584 turbam
1128 3526 1166 3582 ab
1181 3525 1319 3584 audiendo

90 3597 196 3667 praeter
209 3609 326 3663 rocem;
347 3602 376 3651 et
393 3594 458 3652 ideo
478 3597 544 3667 quia
557 3597 679 3669 pedibus
735 3599 838 3656 Christi
854 3597 1234 3670 doctrinamimpediebant.
1249 3600 1283 3655 Et
1293 3594 1319 3653 bi

91 3679 157 3721 eum
171 3665 251 3738 sequi
263 3682 320 3722 non
335 3672 479 3739 poteraut,
495 3684 562 3725 voce
578 3685 678 3740 seque·
735 3670 898 3743 significant
912 3686 972 3739 eos,
985 3668 1033 3741 qui
1050 3670 1157 3726 abono
1173 3686 1262 3743 opere
1275 3685 1320 3725 re-

90 3737 216 3795 bantur:
232 3759 246 3793 n
261 3739 324 3794 baee
338 3741 554 3810 chrysostomus.
569 3743 609 3798 De
624 3758 678 3797 uno
735 3743 851 3798 trahunt
864 3741 946 3798 alios.
961 3744 1105 3799 Habemus
1120 3748 1223 3799 autem
1235 3739 1320 3813 tripli·

89 3809 210 3867 istorum
238 3815 361 3880 tautum,
389 3812 495 3870 scilicet
519 3812 677 3884 samesium,
735 3830 796 3870 cem
815 3815 928 3870 turbam
951 3812 1156 3884 impedientem
1180 3831 1187 3870 :
1211 3826 1322 3870 unama

93 3885 205 3940 hlaraus
232 3881 405 3941 mentionem
429 3884 546 3954 iaciens,
563 3886 597 3942 de
620 3884 678 3942 alio
735 3902 831 3955 carne,
850 3885 976 3942 aliama
1005 3885 1124 3956 mundo,
1145 3884 1265 3942 tertiam
1291 3883 1323 3940 ab

90 3955 179 4012 tacuit
198 3956 293 4014 minus
312 3961 390 4013 noto.
408 3957 459 4013 Ubi
480 3959 676 4025 dunestanus:
735 3957 863 4025 iulerno;
883 3956 952 4028 quia
975 3955 1101 4013 carnalia
1128 3955 1277 4013 desideria
1298 3959 1324 4011 at

91 4050 105 4079 a
122 4030 180 4084 lioa
198 4037 293 4087 autem
311 4030 415 4085 laetum
430 4032 459 4084 et
471 4031 583 4085 hlareus
598 4045 677 4084 conr·
755 4028 958 4096 erseautiones,
973 4028 1081 4085 scilieet
1099 4029 1202 4085 muudi
1218 4032 1247 4085 et
1261 4027 1323 4084 dia-

90 4107 240 4171 memorat,
257 4101 308 4159 sed
327 4102 362 4157 de
385 4118 441 4158 uno
461 4116 536 4156 eaeco
559 4101 675 4157 tartum.
735 4045 803 4166 Bali,
829 4100 912 4157 uobis
938 4101 1064 4169 obstant,
1082 4106 1114 4155 ut
1138 4104 1287 4157 taceamus
1307 4113 1324 4154 a

89 4171 160 4228 Nam
188 4173 312 4230 duorum
340 4189 480 4230 eaerorum
508 4188 579 4255 quos
606 4175 676 4228 hlat-
735 4172 912 4229 consessione
935 4173 1055 4244 peccati,
1077 4172 1113 4228 ab
1135 4171 1323 4228 aedificatione

92 4245 184 4302 thaeus
196 4247 375 4320 interposuit,
386 4263 474 4305 unum
486 4246 574 4302 luisse
588 4244 616 4300 iu
629 4245 677 4303 illa
755 4244 865 4315 roximi,
876 4250 932 4301 eta
945 4245 1027 4301 laude
1039 4241 1100 4301 Dei.
1115 4244 1218 4300 Infelix
1230 4248 1323 4300 auteur

89 4315 201 4373 civitate
229 4319 465 4391 tamosissimam,
481 4335 514 4377 ex
533 4318 587 4375 hoa
608 4317 677 4374 satis
734 4262 795 4374 Rrec
810 4317 895 4390 turba
908 4315 985 4372 omni
1000 4317 1075 4374 bono
1089 4314 1207 4374 obsistit
1220 4333 1228 4373 ι
1242 4315 1325 4372 turba
