2820 4928
82 340 130 397 tio

408 346 566 401 stettein
593 342 714 399 PlllTlS
739 342 845 396 CAPUT
873 344 997 398 xxxiv

85 450 193 509 iudeis
207 449 672 524 crediderunt3ncglexcruntqui·
725 464 873 521 sonarum,
892 457 991 508 uocate
1012 451 1056 507 ed
1076 454 1206 533 nuptias,
1229 450 1304 508 idest

88 524 163 590 ilem,
180 522 246 593 qnia
254 523 405 580 Dominum
420 541 477 581 nou
493 524 670 580 timuerunt:
726 521 762 579 ad
781 523 866 579 tidem
889 524 1125 590 incarnationis,
1142 523 1210 595 quia
1231 523 1304 579 nullia

86 596 139 661 Qui
153 595 229 651 enim
246 599 330 652 Dium
352 599 440 662 timot,
458 598 531 650 nihii
543 598 669 663 neptipit.
694 578 698 673 i
725 593 824 651 volens
839 595 926 651 sidem
942 594 1056 652 Christi
1070 594 1214 666 recipere,
1227 600 1305 650 estre

86 665 185 723 Siibdit
201 672 296 723 autem
321 671 381 723 :Et
397 669 533 735 obierunt,
553 669 626 721 otius
642 670 671 722 in
694 702 697 751 Ι
725 665 883 738 pellendus.
904 670 941 722 Et
961 669 1076 735 epressi
1093 671 1173 722 aerei
1192 666 1249 735 ejus
1260 682 1305 721 coi·

86 739 184 791 uillam
198 754 287 799 auum,
299 740 372 793 iilius
385 756 447 794 uero
456 740 493 794 od
508 741 670 805 nepotiutio-

86 825 147 862 uem
160 809 412 869 siiom.ambitioiie
426 810 511 866 seculi
527 816 671 880 tamquam

725 744 910 806 preponerent
935 754 1033 794 omues
1060 755 1135 808 quos
1156 743 1306 803 inuenerint,

725 811 812 864 miilos
832 814 857 865 et
875 810 968 879 bonos,
985 809 1062 880 quie
1076 810 1109 865 in
1127 808 1253 866 Ecclesia
1267 808 1306 863 ni·

86 879 160 935 villae
177 882 296 936 Domino
314 884 432 948 detenti,
449 888 477 937 ct
494 883 529 937 ob
544 881 670 952 pecuniae
693 868 696 947 ἱ
725 878 824 937 litante
839 880 955 936 admixti
971 888 1046 938 sunt
1063 881 1136 937 moli
1149 897 1215 937 cum
1230 879 1308 946 bonis;

88 950 670 1024 cupiditatumnegotiationeoi:‹·upeti.Ubi
693 962 696 983 ¹
725 954 1305 1023 ctimpictaesuiitnuptiaediscumbentium,

88 1025 294 1092 chrysostomus
308 1044 316 1080 i
331 1045 344 1077 ii
362 1026 382 1082 0
401 1024 575 1081 miserrimus
592 1041 670 1079 mun·
725 1022 801 1103 quia.
822 1030 851 1079 ut
863 1023 1037 1095 praedictum
1054 1031 1112 1091 est,
1135 1025 1210 1080 tides
1228 1023 1305 1079 catho-

86 1095 149 1158 dus‚
165 1103 193 1151 et
209 1095 304 1151 miseri
327 1096 374 1167 qui
403 1113 467 1152 erim
494 1096 667 1167 sequuntur!
725 1093 780 1149 lica
791 1094 894 1152 dillusa
905 1101 949 1151 est
961 1095 1306 1167 perorbemunirersum

87 1166 291 1239 Semperenim
305 1167 460 1224 mundialia
476 1184 560 1237 operi
579 1168 670 1222 homi·
725 1165 779 1231 vel,
807 1169 927 1237 impletae
954 1173 1035 1233 surii,
1065 1174 1097 1222 et
1129 1165 1306 1237 quantumst

87 1254 137 1296 nes
157 1241 335 1295 excluserunt
350 1256 366 1294 a
384 1239 451 1296 vita.
468 1241 608 1309 »Reliqui
624 1255 669 1292 ee·

87 1327 118 1366 ro
132 1317 278 1366 tenuerunt
289 1327 380 1366 seruos
395 1313 465 1381 ejus,
486 1317 511 1367 et
534 1317 669 1366 contume-

87 1385 135 1438 tiis
150 1384 427 1452 offectosoecidcrunt
442 1400 448 1438 :
464 1381 532 1453 quia
546 1385 670 1439 loannes

88 1453 217 1525 Baptista
242 1458 286 1509 est
311 1455 347 1510 ab
374 1454 415 1510 eis
434 1453 627 1509 incarceratus
642 1461 671 1510 et

88 1525 212 1594 occisus,
232 1541 345 1581 necnon
370 1526 531 1593 Stephanus
546 1533 574 1579 et
587 1528 669 1581 iaco-

89 1597 153 1662 buS,
174 1601 203 1651 ct
231 1595 279 1650 alii
313 1595 456 1667 discipuli,
485 1604 513 1650 et
540 1595 671 1651 similiter

87 1666 169 1723 multi
186 1668 214 1722 in
230 1669 410 1722 Testamento
424 1665 534 1731 Veteri,
548 1672 575 1722 et
592 1667 669 1748 quia,

88 1737 164 1809 quod
179 1745 220 1793 est
239 1739 327 1793 mutto
337 1735 464 1809 gravius,
478 1738 606 1793 nonnulli
626 1755 671 1795 io

88 1811 143 1866 cati
157 1808 277 1879 pretinm
293 1825 351 1864 nou
361 1809 451 1865 solum
465 1815 611 1880 respuunt,
621 1809 670 1866 sed

89 1880 175 1937 etiam
188 1886 408 1952 persequuntur.
429 1884 488 1938 ltec
503 1887 593 1937 cutem
611 1899 671 1937 cum

725 1253 889 1301 numerum,
906 1244 934 1293 et
958 1246 1109 1309 quantum
1126 1238 1166 1293 ad
1186 1239 1306 1303 meritum,

725 1315 754 1363 ct
767 1319 902 1380 quantum
920 1308 957 1366 ad
972 1309 1257 1381 praeordinationem
1275 1308 1306 1363 di·

724 1378 807 1435 vinae,
824 1380 1028 1450 Providentiae,
1056 1381 1142 1450 quod
1159 1381 1214 1437 erit
1225 1380 1252 1436 in
1265 1379 1306 1435 line

725 1452 958 1524 mundi,quando
972 1451 1179 1526 complebitur
1192 1466 1306 1509 numeros

725 1523 895 1580 electorum.

762 1602 777 1653 5
793 1596 850 1653 Curi
864 1611 975 1652 ciuicas
996 1612 1097 1652 veseis
1118 1612 1260 1653 uurriiuis
1276 1611 1305 1648 ai·

726 1669 835 1728 cerunt
848 1699 883 1709 -
892 1669 1014 1724 tuti-uuit
1025 1674 1125 1723 outcm
1140 1671 1212 1735 Res,
1220 1666 1308 1723 scilicet

726 1746 811 1809 Deus,
825 1739 862 1795 ad
877 1737 1030 1811 judicium,
1051 1742 1119 1794 tota
1140 1738 1220 1795 enirn
1235 1735 1307 1793 Trini-

726 1821 771 1872 tas
783 1810 931 1883 judiciihit,
947 1809 976 1865 id
989 1816 1033 1865 cst
1045 1810 1155 1866 reddet
1171 1806 1306 1878 unicuique

748 1904 778 1942 ro
794 1881 917 1949 meritis,
937 1887 969 1936 ut
980 1881 1093 1936 videret
1108 1880 1307 1944 discumbentes,
1350 1932 1352 1955 Ι

88 1954 221 2022 audisset,
246 1956 336 2008 iratus
359 1958 409 2020 tsi,
426 1952 492 2023 quia
506 1969 523 2009 a
551 1954 671 2009 Domino
694 1944 697 2023 i
727 1959 756 2015 iil
770 1961 814 2012 εει
826 1954 856 2009 iii
869 1953 926 2009 tide
936 1950 1133 2024 quiescentes,
1147 1950 1307 2008 attendendo

90 2024 193 2081 merito
216 2041 268 2097 pro
285 2025 388 2081 talibus
416 2029 483 2080 sunt
508 2028 619 2096 punttt;
647 2030 673 2081 et

90 2099 184 2152 missis
199 2099 303 2152 exercit
322 2098 396 2152 titius
409 2100 477 2161 suis,
496 2095 602 2152 scilicet
622 2099 674 2152 llo·

90 2183 250 2236 manorum,
266 2168 320 2223 sub
338 2166 516 2248 Principibus
532 2169 674 2239 Vespasia-

90 2255 127 2295 no
142 2242 171 2294 et
185 2238 258 2305 Tito,
274 2237 322 2308 qui
336 2255 368 2293 ei
384 2238 478 2293 divina
495 2237 673 2296 ordinatione

89 2315 229 2364 venerunt
250 2313 350 2364 contra
363 2309 533 2378 ierusalem,
549 2310 672 2379 quadra-

90 2379 198 2448 gesimo
228 2380 353 2435 secundo
378 2396 451 2435 anuo
478 2387 542 2451 post
569 2381 674 2437 Christi

727 2028 835 2086 scilicet
851 2024 937 2080 vitam
952 2023 1096 2091 fidelium,
1111 2029 1141 2080 ct
1157 2023 1307 2080 discernen-

727 2102 764 2157 do
782 2096 884 2154 merita
902 2102 930 2152 et
945 2094 1089 2151 demerita
1109 2110 1233 2163 eornm;
1249 2093 1307 2149 tide-

728 2172 770 2229 les
786 2171 861 2226 eninr
871 2166 1016 2239 pertinent
1030 2166 1068 2222 iul
1080 2165 1306 2238 justiciummam:

729 2246 778 2314 qui
792 2258 845 2296 aon
865 2240 959 2301 credit,
972 2238 1034 2306 jem
1045 2239 1201 2308 judicatus
1218 2244 1264 2293 est.
1275 2237 1308 2292 ln·

729 2319 786 2370 trat
798 2318 892 2368 autem
904 2309 1067 2380 dupliciter,
1085 2309 1200 2364 scilicet
1215 2327 1221 2366 :
1236 2321 1308 2381 gene·

729 2385 827 2442 ralitcr
846 2381 875 2437 in
890 2381 982 2437 tuturo
1005 2380 1129 2451 judicio,
1146 2387 1180 2435 ct
1194 2377 1309 2452 speciali·

90 2451 267 2517 Passionem,
286 2451 410 2522 perdidit
427 2452 579 2506 homicidiis
599 2455 672 2521 illos,
729 2463 773 2512 ter
794 2455 824 2510 in
846 2457 936 2509 morte
957 2450 1113 2522 cujuslibet
1139 2449 1309 2507 hominisit

89 2523 136 2595 qut
161 2521 190 2577 in
206 2522 342 2578 ultionem
362 2521 508 2592 sanguinis
523 2523 624 2579 Christi
646 2531 674 2580 et

88 2611 205 2651 suorum
240 2593 442 2665 discipulorum
479 2596 514 2651 ab
548 2595 673 2651 exercitu

90 2669 283 2723 Romanorum
298 2673 363 2722 sunt
379 2665 510 2721 trucidati
533 2672 561 2722 ct
584 2667 673 2738 capti-

88 2742 159 2805 vati,
176 2745 201 2793 et
229 2741 367 2793 ciuitatem
388 2740 500 2792 iliorum
522 2740 673 2806 succendit,

731 2533 807 2591 nota,
832 2525 909 2598 quod
940 2522 1123 2579 discumbere
1152 2521 1183 2578 in
1222 2519 1310 2592 nuptis

730 2599 846 2664 Christi,
857 2602 901 2652 cst
913 2593 1102 2650 sacramentis
1112 2594 1250 2650 Ecclesiae
1261 2607 1308 2662 piar

730 2672 858 2740 tiriprire,
874 2667 959 2722 fidem
972 2664 1077 2721 Christi
1096 2665 1221 2733 habere,
1237 2672 1263 2721 ct
1274 2664 1310 2718 bc·

729 2740 840 2798 nctiriis
863 2737 912 2795 Dei
931 2742 1017 2807 atque
1036 2736 1142 2807 gratiis
1169 2737 1233 2809 ejus
1255 2749 1309 2805 ricr-

87 2809 155 2882 quia
169 2815 237 2866 tunc
250 2809 408 2866 ierusalem
424 2815 468 2866 est
480 2826 626 2882 succensa,
647 2816 675 2866 ct
697 2802 700 2879 !
729 2814 794 2868 frui.
811 2815 846 2867 lit
861 2811 931 2865 cidit
947 2810 987 2864 ibt
1001 2810 1154 2876 iorniiicm,
1175 2807 1206 2863 id
1224 2813 1265 2864 est
1277 2813 1309 2860 to·

87 2882 225 2954 templum
242 2880 270 2936 in
292 2898 336 2937 ca.

124 2959 141 3022 li
162 2957 263 3011 tunnis
280 2971 379 3010 verine
405 2970 582 3019 unissimus,
603 2970 674 3008 isvi-

92 3042 198 3082 riurnn
222 3027 367 3082 (inuritis.
387 3057 422 3066 -
436 3028 509 3080 Tune
534 3029 574 3080 oit
588 3028 674 3081 seruis

91 3099 160 3166 suis,
185 3097 293 3153 scilicet
316 3095 458 3168 hpiistolis
482 3103 510 3153 et
531 3096 675 3168 discipulis

90 3184 142 3240 per
169 3167 372 3225 revelationem
401 3171 540 3239 :Nuptiae
563 3169 675 3239 quidem

88 3245 197 3319 paratae
210 3244 286 3303 sunt,
303 3239 332 3295 id
359 3244 402 3296 est
422 3239 555 3311 mysteria
570 3238 675 3297 Christi

91 3310 210 3380 impleta
224 3313 299 3377 s'uiit,
322 3316 351 3365 et
366 3327 450 3366 omne
465 3318 675 3367 sacramentum

92 3379 308 3447 lucarnationis,
324 3388 353 3436 et
372 3382 504 3438 humanae
523 3383 675 3455 disponsa-

91 3449 178 3506 tionis
192 3452 252 3521 jam
272 3457 418 3531 peractum
435 3458 488 3519 est,
503 3460 531 3507 ct
548 3453 674 3524 roniple-

91 3527 169 3576 tum:
186 3526 216 3577 ut
227 3520 366 3590 nativitas,
382 3522 554 3592 praedicatiO,
566 3524 673 3588 Passio,

92 3596 121 3648 ct
135 3592 314 3663 huiusmodi3
328 3594 386 3653 sut,
403 3596 452 3663 qui
467 3597 582 3649 incitati
597 3602 676 3650 eruut

91 3680 142 3736 per
156 3665 270 3735 Legem,
292 3680 342 3736 per
362 3665 527 3736 Prophetas,
541 3682 592 3738 per
604 3669 675 3737 Apo·

92 3736 189 3799 stolos.
207 3734 314 3792 scilicet
325 3736 428 3805 Judaei,
444 3754 496 3792 riori
509 3741 623 3803 fuerumt
634 3739 676 3792 di-

91 3812 150 3879 pui,
168 3813 283 3880 propter
294 3823 374 3864 suam
389 3808 624 3866 incredulitatem.
636 3813 676 3864 lte

90 3897 153 3950 erpo
169 3881 206 3936 iid
220 3881 311 3934 cuitus
322 3883 441 3948 cierunt,
458 3881 485 3936 id
502 3888 543 3937 cst
553 3885 587 3939 ait
600 3883 674 3938 (ien-

90 3953 165 4019 tiles,
182 3960 262 4008 eitra
277 3953 351 4007 tiam
362 3958 504 4020 errantes,
522 3959 550 4008 et
569 3953 676 4025 disper-

89 4023 185 4080 siones
197 4024 340 4092 Gentium,
356 4030 381 4078 et
401 4040 583 4094 quoscumque
598 4028 675 4079 iuce-

87 4099 201 4164 iveritis,
229 4094 258 4151 iil
287 4102 332 4152 est
361 4095 565 4166 cujuscumque
593 4112 676 4152 serius

88 4168 132 4223 vel
159 4166 263 4238 aetatis,
290 4168 496 4239 cuiuscumque
520 4172 611 4222 status
631 4167 675 4222 vet

89 4239 115 4295 di
138 4237 245 4306 uitatis,
266 4240 474 4312 cuiuscumque
490 4239 676 4309 professionis

87 4255 136 4369 vei
145 4308 325 4383 conditionis,
339 4310 401 4368 sino
424 4308 589 4382 aizccptione
613 4325 675 4381 per·

730 2890 789 2940 tum
805 2890 910 2938 coetum
923 2879 1075 2948 malornm,
1092 2881 1144 2952 qui
1161 2877 1194 2935 in
1218 2875 1309 2934 malitia

729 2954 828 3012 sociati
854 2960 919 3009 sunt
948 2955 974 3007 in
995 2967 1096 3020 unum,
1118 2967 1179 3006 non
1197 2951 1309 3006 cestium

729 3033 802 3082 roste
815 3026 948 3097 nuptiali,
965 3021 1046 3079 idest
1061 3022 1222 3078 habentem
1236 3019 1308 3076 tidem

731 3096 846 3165 Christi,
863 3112 920 3152 non
939 3110 1036 3167 opera.
1057 3095 1142 3154 Nam.
1164 3090 1308 3149 secundun

730 3173 937 3238 Hieronymum,
953 3164 1039 3222 vestis
1055 3163 1198 3236 nuptialis
1212 3175 1306 3236 praecc·

730 3248 779 3314 pta
794 3245 859 3296 sunt
872 3239 996 3305 Domini,
1012 3237 1040 3293 'et
1059 3251 1152 3308 opera
1166 3251 1232 3362 Ὶυιε
1247 3246 1309 3312 conr

731 3313 849 3385 plentur
861 3327 893 3366 ex
909 3310 992 3381 Lege,
1010 3314 1039 3364 et
1053 3309 1172 3379 Evange
1185 3307 1224 3375 io,
1241 3319 1309 3361 noir·

732 3400 786 3454 que
803 3381 928 3439 hominis
952 3378 1080 3438 elliciuut
1106 3379 1308 3453 vestimentum.

730 3458 787 3512 lste
802 3456 887 3510 homo
911 3453 1020 3508 habens
1042 3448 1130 3506 tidem
1146 3449 1211 3506 sine
1225 3460 1309 3520 operi·

731 3527 795 3593 bus,
811 3525 847 3583 ad
861 3523 973 3594 nuptias
987 3520 1122 3578 Ecclesiae
1137 3526 1233 3601 portat
1247 3533 1277 3574 os
1288 3520 1310 3571 ct

731 3599 841 3663 dentes,
857 3599 992 3651 omittens
1007 3593 1072 3648 vitae
1083 3592 1308 3664 compositionem

731 3677 760 3726 ct
783 3683 879 3724 mores
924 3666 983 3733 Vel,
1004 3681 1058 3720 aori
1081 3666 1215 3718 uestitum
1248 3664 1309 3716 ueste

730 3741 863 3811 nuptiali,
878 3738 906 3793 to
922 3743 965 3793 est
982 3737 1137 3792 habentem
1155 3734 1244 3791 tidem
1258 3729 1308 3809 sinc

731 3810 860 3867 caritate.
879 3808 987 3865 Dicitur
1001 3812 1099 3863 autem
1114 3808 1223 3861 caritas
1234 3810 1308 3858 iestis

731 3880 868 3953 nuptialis
894 3898 901 3935 i
928 3879 997 3952 quia
1018 3877 1089 3948 tegit
1110 3874 1308 3949 turpitudinen

730 3959 912 4025 peccatorum
925 3969 932 4019 ;
947 3950 1013 4022 quia
1036 3947 1164 4021 protegit
1178 3964 1196 4005 a
1212 3948 1307 4017 frigore

732 4024 923 4081 tentationum
936 4040 943 4090 ;
957 4021 1023 4093 quia
1038 4028 1122 4077 ornat
1138 4034 1257 4100 munere
1270 4016 1308 4070 ile

732 4111 835 4153 norum
848 4101 877 4151 ct
896 4094 1033 4151 virtutum
1049 4096 1107 4159 ,et,
1125 4097 1156 4146 ut
1177 4088 1307 4168 dicititu·

731 4171 869 4236 puattuus,
881 4165 983 4221 dividit
1001 4163 1076 4219 inter
1097 4160 1178 4219 tilios
1193 4174 1268 4233 regni
1286 4159 1307 4210 et

731 4237 911 4312 perditionis.
925 4235 978 4293 Ubi
1003 4235 1154 4303 decoctam
1173 4252 1182 4289 ε
1198 4254 1214 4284 «
1234 4232 1307 4306 Recte

731 4308 836 4369 caritas
850 4305 988 4380 nuptialis
1003 4305 1089 4364 vestis
1103 4308 1232 4370 vocatur,
1250 4311 1305 4373 quit
