2820 4928
234 295 418 351 dtbltttto
444 297 478 351 lll
504 293 621 350 Puluis
648 294 812 351 assertis
842 295 883 350 bs
909 296 1007 351 oldut
1036 296 1162 352 DOMINI.
1269 292 1316 354 Ἀθ

85 398 211 459 marein
224 397 293 470 vite,
305 397 411 458 scilieet
423 398 548 474 typicum
559 404 668 474 potum,
727 416 883 458 animarer.
896 429 932 443 ·-
946 401 980 457 ut
993 403 1071 466 nota,
1082 398 1160 474 quod
1172 397 1203 458 in
1216 396 1312 456 llxodo

85 472 171 530 donec
197 474 291 529 ueniat
313 489 428 543 reguum
445 475 506 544 liei,
527 473 602 546 quod
627 471 671 530 in·
726 471 952 531 determinantur
975 472 1075 542 multa,
1091 488 1154 544 quae
1178 470 1308 543 roquire-

85 543 194 615 tellige,
209 548 352 617 utsupra,
367 545 402 603 de
416 544 479 603 cibo
495 549 538 602 est
553 544 670 602 dictum.
725 544 829 601 bantur
841 545 878 602 ad
887 560 966 602 esum
978 543 1045 616 agni
1057 543 1162 617 typici3
1181 543 1311 602 etadhuc

85 615 167 674 Siout
194 631 290 689 supra,
315 621 347 675 ut
369 618 409 673 ait
433 616 519 686 Beda,
545 615 672 689 typicum
726 616 911 699 requiruntur
922 618 958 674 ad
971 615 1131 688 esumdgni
1139 615 1208 673 veri.
1219 615 1311 673 Debet

85 685 155 759 agni
177 703 270 758 esum,
283 686 324 744 sic
336 688 422 745 etiam
434 694 534 762 potum
554 689 672 745 Paschae
727 703 803 745 emm
829 688 938 745 comedi
966 705 1051 747 verus
1075 689 1184 760 Agnus,
1203 685 1311 744 scilicet

84 765 98 815 t
137 757 213 816 icum
234 764 319 832 negat
341 777 371 818 se
391 760 467 818 ultra
482 764 672 830 gustaturum,
727 759 855 817 Christus
871 777 878 817 :
894 759 986 833 primo
1008 776 1026 818 a
1049 757 1234 828 circumcisis,
1259 773 1311 831 per

108 845 180 887 onec
204 838 320 889 ostensa
345 838 373 888 et
399 831 549 890 manifesta
571 835 673 889 Resur-
727 832 830 888 veleris
844 830 1066 889 conversationis
1085 829 1311 905 depositionem;

85 900 224 968 rectionis
239 919 297 960 suae
313 903 415 975 gloria,
428 903 510 976 regni
537 902 588 961 Dei
602 903 673 960 fides
728 902 866 973 secundo,
881 919 946 960 cum
962 903 1079 961 lactucis
1097 901 1267 975 agrestibus,
1282 900 1312 959 id

86 973 197 1030 mundo
211 973 359 1045 adveniat3
376 980 404 1031 et
436 991 468 1033 er
484 975 540 1033 duo
552 974 675 1034 maxima
728 978 771 1032 est
803 991 835 1032 er
849 990 977 1033 amaram
994 976 1028 1033 de
1044 975 1166 1048 peccatis
1182 973 1313 1032 omnibus

86 991 435 1117 Legisedietaasumrid)
778 991 801 1103 ii

428 1046 674 1120 elicetpotumquo
728 1063 777 1104 cor
798 1046 822 1104 is
835 1045 1049 1117 contritionem
1065 1047 1160 1117 tertio,
1174 1045 1235 1103 sine
1252 1046 1310 1102 ier-

86 1116 251 1190 pascbalem
279 1117 477 1190 spiritualitter
502 1117 674 1188 immutata,
729 1123 826 1176 mento
844 1118 963 1191 peccati,
978 1134 1042 1176 cum
1061 1118 1182 1190 panibus
1195 1114 1312 1189 azymis,

88 1186 216 1246 disceres
231 1189 328 1247 omnia
341 1190 424 1261 Legis
438 1197 615 1248 sacramenta
629 1189 674 1247 rel
730 1206 780 1263 per
791 1190 1185 1258 conscientiaesinceritatem;
1197 1193 1310 1261 quarto,

84 1275 177 1389 possa,
196 1277 260 1332 quae
283 1262 438 1319 carnaliter
464 1278 567 1320 sonare
590 1261 674 1319 vide-

108 1336 204 1400 antur,
228 1333 265 1389 ad
290 1333 466 1406 spiritualem
488 1335 548 1406 jam
575 1334 674 1391 obser-

87 1404 215 1461 vantiam
235 1403 319 1462 luisse
339 1405 546 1463 transferenda.
568 1407 602 1463 Et
622 1406 673 1476 sic,

89 1476 246 1533 secundum
261 1477 460 1547 augustinum,
476 1479 565 1535 Lucas
578 1477 624 1534 hic
640 1476 675 1535 dc

88 1546 195 1620 duplici
214 1547 302 1606 calice
320 1549 494 1607 mentionem
514 1549 596 1619 lacit;
616 1549 675 1620 pri-

89 1634 149 1690 mo,
169 1619 205 1676 de
223 1619 310 1678 calice
329 1621 387 1679 vini
407 1620 559 1695 praedicto,
580 1619 675 1692 quoad

91 1692 201 1749 Pascha
218 1692 399 1764 Judaeorum3
416 1694 551 1759 secundo,
573 1693 609 1749 de
631 1708 676 1749 ca·

89 1761 145 1820 lice
164 1763 317 1835 Sanguinis
338 1767 393 1834 sni,
407 1766 443 1823 de
464 1781 520 1837 quo
539 1764 614 1821 inira
633 1767 676 1821 est

91 1833 254 1892 dicendum.
281 1836 357 1894 Calix
383 1836 496 1894 Domini
523 1840 677 1909 argenteus

90 1906 170 1965 duas·
188 1906 255 1964 binc
276 1909 392 1966 atinde
415 1908 524 1965 habens
547 1909 676 1979 ansulas,

91 1977 205 2036 sextarii
226 1979 320 2052 gallici
340 1995 504 2037 mensuram
524 1978 609 2049 capit.
624 1980 675 2035 Le·

92 2049 157 2122 gale
169 2049 256 2121 igitur
269 2053 380 2109 Pascha
393 2050 525 2120 cessarit,
539 2054 568 2107 et
579 2049 678 2122 imple·

91 2127 154 2180 tum
174 2121 227 2179 luit
244 2123 275 2180 in
296 2140 384 2196 regno
403 2121 546 2194 Ecclesiae,
563 2121 678 2194 quando

91 2192 188 2251 divina
198 2194 344 2266 Sapientia
353 2194 465 2269 paravit
474 2210 603 2252 mensam
612 2194 677 2251 nori

91 2266 280 2335 sacramenti,
302 2267 349 2323 ulii
375 2268 469 2341 posuit
489 2281 592 2338 panem
614 2268 680 2324 Cor·

91 2336 181 2411 poris,
207 2343 237 2395 et
265 2339 377 2396 miscuit
404 2341 501 2396 vinum
527 2336 679 2410 Sanguinis

92 2408 148 2467 eui.
174 2411 288 2482 legalia
307 2413 383 2468 euim
406 2410 498 2468 edicta
516 2411 680 2468 habuerunt

92 2496 208 2538 cursum
223 2499 305 2539 suurn
321 2489 349 2539 et
365 2482 580 2556 obligationem,
590 2496 680 2553 usquc

92 2552 130 2610 ad
142 2552 245 2611 Christi
261 2556 431 2616 Passionem.
443 2554 474 2611 in
487 2570 543 2625 qua
553 2553 680 2611 oblatum

93 2628 137 2682 est
150 2626 206 2681 Deo
227 2642 316 2682 unum
328 2627 484 2699 perlectum
495 2624 679 2694 sacrificium,

94 2695 289 2775 evacuativum
304 2698 453 2768 legalium5
467 2704 495 2754 et
511 2697 575 2754 ideo
592 2711 680 2769 usque

93 2773 162 2826 tunc
176 2769 304 2826 Christus
325 2771 429 2842 legalia
447 2768 580 2838 servavit,
597 2775 624 2826 et
642 2769 680 2825 si·

93 2839 199 2898 militer
209 2841 272 2898 aliis
284 2842 424 2899 servanda
434 2841 588 2899 mandavit.
601 2841 681 2898 Unde

94 2911 163 2970 dicit
171 2913 357 2982 Augustinus,
366 2915 441 2986 quod
453 2913 557 2984 legalia
567 2918 678 2971 tantum

95 2984 284 3043 lueruntante
295 2986 462 3043 Passionem
477 2983 590 3042 Domini
606 2985 680 3050 viva,

95 3060 159 3130 post
190 3058 354 3115 Passionem
380 3061 505 3127 mortua;
522 3057 572 3114 sed
599 3061 681 3141 post-

95 3143 181 3200 quam
204 3129 307 3186 claruit
332 3132 437 3188 veritas
461 3128 607 3202 Evangelii
630 3144 683 3201 per

96 3200 244 3273 mundum,
260 3206 325 3259 sunt
348 3203 468 3276 sepulta.
488 3202 590 3258 Nostra
614 3217 681 3258 vero

97 3278 275 3330 sacramenta
286 3290 376 3346 usque
388 3275 425 3332 ad
438 3274 524 3331 tinem
538 3273 637 3333 mundi
651 3272 681 3330 in

98 3359 149 3401 suo
162 3343 261 3416 rigore
276 3347 443 3403 manebunt.

132 3416 517 3482 6Coxomrounsaeou1s1rm
543 3436 579 3476 an
603 3435 684 3476 oons-

98 3504 206 3546 neuneu
225 3507 318 3547 neuun
334 3508 448 3549 ruricort
462 3509 533 3550 veno
547 3494 625 3550 Acro
638 3509 683 3550 ar·

729 1263 847 1319 renibus
859 1262 970 1332 cinctio,
984 1279 1034 1335 per
1049 1262 1206 1319 castitatem
1216 1278 1223 1329 ;
1233 1259 1316 1332 quin·

729 1340 769 1397 to.
781 1333 899 1405 pedibus
909 1334 1051 1403 calceatis,
1071 1349 1123 1406 per
1134 1332 1315 1390 affectionum

730 1405 874 1463 aterrcnis
898 1407 983 1463 rebus
1002 1405 1221 1477 elongationem,
1237 1405 1319 1474 cuius

730 1478 948 1607 signumXolest
964 1494 1037 1548 esse,
1056 1478 1132 1550 quod
1145 1479 1217 1533 Deus
1234 1475 1315 1605 scius

730 1548 846 1622 lavitpe
867 1549 1220 1621 esdiscipulorum,quam
1254 1553 1316 1606 aret

711 1621 770 1695 ¹eis
794 1622 848 1678 hoc
875 1623 1109 1690 Sacramentum
1130 1625 1218 1693 sexto,
1250 1634 1316 1678 cum

731 1692 839 1751 baculis
864 1694 892 1750 in
918 1692 1060 1763 manibus,
1084 1708 1136 1765 per
1157 1691 1200 1749 sui
1227 1690 1317 1764 ipsius

731 1765 889 1823 custodiam
901 1765 1077 1837 diligentem.
1092 1764 1240 1822 Praedicta
1252 1779 1319 1821 con-

731 1837 854 1895 ditiones
878 1837 1064 1910 requiruntur
1084 1837 1121 1894 ad
1145 1834 1317 1893 declinatio-

732 1924 797 1966 nem
812 1908 890 1975 mali,
905 1908 956 1965 sed
968 1915 1107 1981 quantum
1119 1906 1156 1964 ad
1174 1905 1318 1979 operatio·

732 1996 800 2038 nem
825 1978 893 2037 boni
919 1979 1096 2052 requiritur:
1113 1977 1216 2051 primo,
1243 1978 1321 2051 quod

732 2052 763 2110 in
780 2053 864 2108 domo
883 2066 942 2109 una
964 2051 1140 2119 comedatur,
1152 2066 1204 2123 per
1224 2049 1321 2108 eccle-

734 2123 879 2181 siasticam
894 2123 1047 2192 unitatem
1065 2123 1199 2192 secundo,
1214 2121 1322 2194 quoda

734 2194 845 2263 vicinis,
873 2211 925 2268 per
952 2197 1111 2253 fraternum
1139 2208 1267 2251 amorem
1293 2199 1323 2252 et

734 2268 931 2338 concordiam3
947 2269 1043 2338 tertio,
1055 2266 1131 2340 quod
1145 2281 1203 2323 nou
1218 2265 1321 2324 crudus

735 2342 797 2398 sine
823 2340 929 2397 amoris
956 2340 1034 2413 igne,
1049 2356 1101 2397 nec
1128 2343 1224 2397 coctus
1246 2352 1323 2420 aqua

734 2412 797 2469 sine
807 2411 1087 2485 devotionissapore,
1097 2413 1147 2469 sed
1157 2426 1255 2468 assusr
1278 2409 1319 2480 ni,

734 2500 787 2556 per
811 2484 972 2541 devotionis
991 2485 1131 2542 terrorem
1155 2499 1248 2556 praeco
1268 2494 1321 2540 cu·

734 2563 809 2623 tem;
826 2560 938 2627 quarto,
962 2557 1038 2626 quod
1066 2555 1244 2624 festinanter,
1270 2569 1323 2626 per

735 2625 911 2699 spiritualem
926 2627 1090 2683 ariditatem
1112 2632 1140 2683 et
1155 2624 1318 2683 delectatio·

735 2714 802 2756 nem
830 2697 1088 2769 concomitantem3
1108 2695 1219 2770 quinto,
1244 2697 1322 2770 quod

735 2770 871 2840 totaliter,
886 2786 937 2843 per
958 2769 1026 2827 fidei
1047 2769 1251 2842 integritatem,
1267 2782 1322 2826 ro·

735 2843 825 2900 rando
834 2847 989 2915 caputcum
1003 2842 1160 2914 pedibuset
1170 2838 1323 2912 intestinis,

735 2916 765 2972 id
778 2921 823 2972 est
836 2930 888 2987 per
898 2930 995 2973 veram
1006 2914 1093 2996 fidem
1102 2911 1324 2997 incorporando,

735 2992 764 3046 et
785 2986 928 3044 credendo
947 2986 978 3043 in
1004 2988 1117 3044 Christo
1132 2986 1322 3055 divinitatem·

736 3075 800 3132 quae
813 3066 857 3116 est
868 3063 953 3132 caput
969 3060 1042 3133 ejus,
1059 3064 1087 3116 et
1102 3056 1322 3128 humanitatem,

735 3130 843 3189 scilicet
876 3147 1003 3202 carnem,
1023 3147 1086 3203 quae
1102 3136 1249 3202 tamquam
1273 3143 1325 3202 pes

736 3205 799 3277 ejus
824 3206 866 3260 est
891 3202 992 3261 intima
1017 3202 1047 3261 in
1072 3202 1134 3275 ipsa
1160 3206 1275 3272 natura,
1295 3206 1325 3259 et

737 3274 950 3351 animamque
974 3282 1017 3334 est
1040 3274 1145 3345 media,
1162 3272 1234 3332 sieut
1262 3275 1323 3356 ejus

737 3346 891 3418 intestina;
912 3352 1000 3419 sexto,
1027 3347 1105 3420 quod
1130 3346 1191 3405 sine
1216 3360 1324 3405 ossium

738 3419 974 3490 comminutione,
989 3437 1041 3494 per
1055 3419 1211 3496 simplicem
1226 3434 1321 3479 sacra·

739 3492 827 3550 menti
840 3492 1064 3554 venerationem.

646 3680 777 3739 culmo

135 3856 254 3914 Domine
268 3859 334 3916 Jesu
354 3856 477 3927 Christe,
495 3857 543 3929 qui
560 3859 632 3915 bora
645 3856 808 3932 vespertina
821 3873 932 3916 coenam
946 3858 1076 3917 ultimam
1091 3873 1157 3916 cum
1178 3856 1325 3933 discipulis

98 3926 128 3984 in
148 3928 295 3986 eoenaculo
319 3928 422 4001 grandi
445 3932 535 3987 strato
555 3929 657 4000 iecisti,
670 3937 700 3988 et
722 3946 772 3987 eos
790 3930 982 3989 sacratissimo
998 3933 1122 4002 Corpore
1135 3935 1163 3987 et
1179 3931 1322 4003 Sanguine

99 4005 149 4056 tuo
163 3999 275 4068 cibasti,
295 4000 339 4058 lac
350 4007 450 4074 pectus
469 4017 565 4059 meum
577 4002 753 4060 coenaculum
772 4004 880 4074 grande
894 4008 1024 4072 stratum,
1042 4001 1186 4075 amplifica
1200 4017 1280 4074 spem
1294 4007 1325 4062 et

98 4073 246 4129 caritatem
270 4072 300 4129 in
322 4074 406 4131 corde
427 4089 500 4146 meo,
514 4073 664 4147 magnifica
685 4074 942 4146 longanimitatem,
956 4090 1036 4144 spem
1050 4079 1078 4131 et
1097 4073 1256 4143 caritatem,
1272 4088 1322 4149 pa·

97 4142 227 4201 tientiam
243 4150 273 4201 ot
287 4145 486 4204 bumilitatem.
502 4148 544 4203 lta
558 4145 637 4215 milri,
651 4151 682 4203 ut
698 4152 734 4216 te,
749 4163 834 4220 quom
848 4145 910 4201 eroli
922 4151 949 4202 ot
963 4151 1046 4202 terrae
1058 4162 1115 4203 non
1128 4144 1253 4217 capiunt,
1266 4161 1320 4217 pro

100 4216 215 4274 modulo
229 4232 281 4274 suo
294 4217 388 4290 capiat
402 4234 451 4276 cor
467 4233 561 4276 mcum
577 4217 729 4276 contritum
748 4226 776 4276 et
793 4217 983 4287 humiliatum,
1000 4221 1031 4274 ut
1047 4233 1097 4290 por
1110 4216 1318 4276 inhabitantem

100 4287 222 4360 gratiam
240 4292 319 4349 tuam
334 4290 431 4351 omnia
444 4291 497 4351 tibi
510 4288 651 4367 placentia
668 4291 790 4365 cogitem
807 4296 834 4349 ot
849 4287 1006 4367 perficiam,
1023 4294 1051 4348 et
1067 4287 1163 4347 omnia
1178 4287 1320 4351 contraria
