2820 4928
156 324 198 381 θΙ
225 318 358 378 tuditis
385 320 424 374 ΕΤ
451 317 636 375 unlltsnts
660 320 853 383 adnisurus,
880 318 944 372 sto
969 314 1032 372 uolt
1056 312 1246 371 lutrhttltlt.
1274 308 1322 363 235

92 438 152 492 tum
162 432 255 497 Deus;
266 432 295 484 et
306 426 346 482 sic
359 428 449 482 restat
460 425 535 497 quod
548 426 677 483 Christus
731 433 792 484 erat
807 429 1027 499 argumentum:
1043 438 1130 495 aeque
1152 433 1238 505 ausus
1255 417 1315 504 fult

92 508 136 563 est
146 504 232 560 homo
245 506 274 556 et
287 503 370 555 treus.
382 499 442 555 Non
453 513 521 568 ergo
531 499 615 555 errab
625 504 674 560 rut.
731 503 879 571 quicquum
893 515 929 554 en
945 497 1048 552 ittodia
1061 512 1122 551 eum
1137 493 1258 576 amicitas
1273 504 1316 545 tra·

92 592 145 635 noc
164 572 425 644 reprehenduntur.
448 568 516 640 quia
533 569 675 627 Christum
731 578 880 639 renouare,
904 568 974 641 quia
998 569 1080 637 olane
1105 571 1269 646 testimonio
1289 561 1317 617 et

92 648 182 705 hlium
199 642 288 704 David
304 641 488 710 ‹licunt3sed
499 640 566 713 quia
581 640 675 712 ipsum
730 643 840 699 ratione
865 649 948 700 erant
978 635 1334 720 convicitunuollqero·

90 733 194 793 purum
212 713 368 782 hominem,
388 717 417 770 et
434 729 490 769 non
508 712 556 769 uei
575 712 675 771 Filium
729 731 828 783 aymus
842 733 850 771 ε
864 738 879 766 «
896 714 961 770 ldeo
980 711 1116 769 contutati
1136 705 1317 764 sermonibus

91 793 223 849 credunt.
240 785 369 845 Christus
380 789 474 841 autem
491 800 548 841 non
562 790 674 843 tantum
730 785 1066 851 ultranoninterrogrnt,
1077 780 1126 838 sed
1139 775 1318 851 apertissime

91 861 193 929 David,
211 858 261 917 sed
275 863 305 915 et
314 856 362 915 Dei
378 855 479 914 Filium
491 872 521 913 se
535 872 599 914 esse
613 873 676 925 oro·
729 860 967 930 comprehensum
983 858 1122 936 itomana-
1132 849 1248 908 tradnnt
1259 863 1317 920 po-

90 933 180 1002 herii,
199 937 229 989 et
242 946 294 1003 per
310 927 508 987 anctoritatem
520 927 608 1000 ipsius
622 930 675 985 Da·
728 931 822 987 testati
863 931 901 987 Ex
925 944 981 999 quo
1003 926 1188 996 intelligimus
1207 932 1319 1001 venena

90 1005 204 1063 videos
225 1000 357 1059 convicit.
376 1003 413 1057 Et
438 1016 514 1056 acmo
528 1005 635 1072 poterat
649 1003 675 1057 et·
727 1001 841 1060 insidiae
858 1017 941 1074 posse
965 999 1080 1071 quidem
1107 1008 1249 1068 superam,
1265 989 1317 1077 sed

88 1070 528 1147 respondereoerhum,quianon
562 1078 674 1129 olerent
727 1072 844 1131 diliicile
861 1088 942 1147 posse
957 1073 1105 1145 quiescere
1121 1085 1128 1126 :
1143 1087 1158 1118 r
1173 1066 1235 1122 haeo
1247 1065 1318 1122 Hae·

90 1147 267 1221 Scripturam
285 1159 402 1218 negare,
422 1148 452 1200 et
476 1143 534 1202 irre
598 1144 673 1202 abile
727 1160 871 1217 ronymus.

641 1306 771 1366 ORATIO

127 1454 247 1515 Domine
264 1453 349 1521 Deus,
364 1452 556 1511 sanctiflealor
568 1463 663 1519 meus:
676 1449 777 1507 misisti
794 1449 862 1508 mihi
878 1450 970 1531 legem
987 1456 1078 1517 tuam,
1094 1454 1127 1507 ut
1141 1451 1202 1504 toto
1219 1444 1317 1514 eorde,

88 1533 152 1587 tota
165 1525 271 1592 anima,
284 1529 345 1581 tota
359 1530 466 1594 mente,
485 1529 513 1582 et
535 1539 569 1580 ex
583 1523 713 1582 omnibus
728 1521 837 1580 viribus
849 1538 919 1580 mers
933 1528 962 1580 te
975 1522 1110 1596 diligam,
1126 1518 1177 1577 sed
1195 1534 1248 1575 nee
1262 1517 1318 1574 hoe

88 1601 183 1666 valeo,
197 1597 252 1654 nisi
264 1601 296 1652 tu
310 1595 423 1652 dederis
438 1595 518 1664 nihi,
536 1596 616 1667 cujus
630 1601 670 1652 est
684 1611 761 1652 omne
779 1596 881 1651 donum
905 1597 1059 1667 perfectum
1077 1597 1103 1648 et
1122 1607 1199 1674 omae
1218 1590 1321 1672 datam

125 1674 234 1727 timum.
258 1668 346 1726 Jubes
360 1673 388 1724 te
409 1668 488 1740 diligi
502 1685 509 1736 3
534 1667 571 1724 da
586 1667 662 1739 qnod
679 1668 772 1740 jubes,
799 1676 828 1724 et
839 1668 907 1739 jube
923 1668 999 1738 quod
1015 1666 1066 1723 ris.
1082 1666 1124 1721 Da
1138 1670 1226 1720 etiam
1246 1661 1315 1719 mihi

87 1688 208 1815 ailigere
221 1739 390 1811 proximum.
407 1739 480 1798 sicut
494 1738 642 1809 meipsum,
660 1743 690 1797 ut
709 1738 754 1795 hic
769 1739 902 1810 gratiam,
917 1748 946 1796 et
962 1739 1000 1795 ibi
1020 1736 1141 1811 gloriam
1156 1749 1314 1816 consequa·

88 1830 155 1873 mur
169 1815 198 1869 in
213 1811 346 1881 idiosum.
366 1814 406 1869 Da
420 1811 534 1883 insuper
552 1811 630 1880 mihi,
644 1812 717 1869 hone
738 1813 816 1879 Jesu‚
838 1817 868 1867 ut
882 1817 910 1868 te
929 1810 1073 1867 Christum
1095 1807 1178 1866 nohis
1195 1820 1314 1888 missum

88 1888 180 1944 Deum
194 1888 223 1942 et
242 1882 385 1941 hominem
400 1884 485 1941 corde
504 1882 628 1950 credam,
652 1898 701 1938 ore
716 1884 864 1952 confitear,
882 1888 911 1940 et
934 1899 1019 1954 opere
1042 1885 1197 1948 contester,
1217 1882 1249 1935 ut
1262 1878 1315 1935 tlbl

87 1973 166 2017 nunc
179 1956 322 2029 subjectus
337 1960 448 2027 sponte,
464 1960 558 2012 tecum
570 1954 709 2028 gaudeam
725 1956 787 2011 sine
801 1954 868 2011 line.
884 1958 983 2012 Amen.

547 2296 685 2370 CAPUT
709 2297 864 2368 XXXVII

288 2543 325 2586 θΕ
350 2542 460 2589 semels
481 2544 520 2588 ΕΤ
538 2542 699 2588 ruantsmts
719 2544 749 2589 lh
773 2543 921 2590 nocuhlrth
943 2543 1115 2597 eumenem,

478 2623 532 2668 SED
551 2623 609 2670 doct
622 2625 652 2669 tlt
672 2624 743 2671 vlla
757 2625 925 2671 lemanum.

427 2821 551 2879 Matthaei
567 2837 630 2893 cap.
649 2821 846 2891 xxl11‚ttarei
864 2838 927 2895 cap.
945 2823 981 2880 Xl

565 2900 594 2950 et
609 2896 691 2952 Luca
701 2911 762 2968 cap.
776 2896 835 2952 Xll.

127 3107 137 3142 ι
155 3085 246 3142 Orous
256 3099 316 3147 oua
329 3101 348 3141 a
362 3100 558 3141 sacennorrnus
576 3100 672 3140 ennar-
728 3098 851 3154 namque
866 3088 910 3140 est
924 3083 1042 3140 verbum
1058 3082 1087 3139 in
1103 3099 1160 3156 quo
1184 3083 1225 3140 sic
1240 3074 1314 3141 altor

87 3172 205 3214 ruunrun
224 3173 355 3213 rideant
377 3173 461 3213 nocer
482 3158 615 3213 Doaiuus.
640 3186 678 3215 -,
727 3154 920 3221 contunditur,
933 3154 1048 3212 utalter
1059 3171 1114 3212 non
1125 3153 1283 3213 erudiatur.
1297 3179 1312 3208 a

87 3227 250 3285 Conlutalis
262 3236 358 3284 autom
370 3225 398 3283 ct'
412 3226 572 3284 tacentibus
593 3228 674 3286 Scri·
727 3228 848 3284 Locutus
862 3233 905 3283 est
921 3243 989 3292 ergo
1004 3226 1040 3283 ad
1056 3243 1106 3284 eos
1120 3226 1268 3285 instruens
1283 3234 1311 3284 et

86 3298 132 3357 his
151 3308 180 3356 et
198 3298 360 3366 Pharisaeia
376 3298 425 3370 qui
440 3298 535 3356 dolose
555 3298 674 3357 interro·
728 3303 832 3357 docens
859 3297 1023 3358 Scribarum
1050 3303 1078 3355 et
1104 3299 1311 3359 Pharisaeorum

86 3370 196 3442 gabant
210 3370 361 3429 Dominum
379 3377 411 3428 ut
427 3377 569 3428 tentarent
584 3387 647 3428 eum
664 3388 672 3439 ;
726 3370 887 3429 doctrinam
903 3369 1085 3428 audiendam„
1101 3372 1151 3428 sed
1165 3372 1313 3429 eorumvi·

87 3446 164 3504 tunc.
181 3442 279 3499 eadem
298 3443 368 3499 ier-ia
383 3442 477 3512 tertia,
495 3459 530 3499 ne
546 3443 626 3515 plebs
644 3448 674 3500 et
724 3448 784 3500 tam
804 3459 860 3500 non
882 3441 1060 3508 imitandam,
1078 3452 1107 3499 et
1125 3443 1312 3503 nihilominus

85 3512 134 3569 ahi
151 3513 246 3571 idonei
262 3513 323 3570 sine
333 3529 407 3586 pane
421 3514 556 3572 docll'tnae
571 3530 673 3572 crane-
726 3517 845 3572 hortans
859 3531 909 3572 eos
933 3514 1034 3586 subjici
1056 3515 1123 3578 illis.
1139 3523 1256 3588 propter
1269 3533 1313 3574 sa·

86 3589 211 3656 scerent,
227 3587 334 3642 locutas
352 3590 392 3641 ast
415 3589 494 3643 teras
512 3588 550 3642 od
563 3588 671 3657 turios,
726 3586 844 3644 cerilotii
859 3592 888 3643 ot
907 3586 1032 3645 nominis
1057 3590 1235 3659 dignitatem,
1252 3604 1310 3645 nou

86 3655 197 3714 scilicet
211 3660 246 3714 ait
272 3656 417 3730 simplices
431 3662 460 3713 rt
480 3661 671 3731 imperiectoa
725 3674 822 3730 opera,
838 3659 889 3716 scd
905 3657 1064 3716 doctrinam
1079 3659 1308 3729 considerantes;

86 3733 114 3784 ct
129 3729 168 3784 od
181 3729 253 3785 disci
275 3729 334 3785 atos
349 3744 412 3785 suos
426 3728 516 3801 magis
531 3731 629 3786 doctos
643 3738 672 3787 et
726 3728 871 3802 multaque
900 3746 1000 3788 eorum
1025 3731 1146 3788 crimiua
1173 3745 1311 3787 annume-

84 3800 227 3873 periectos
247 3746 326 3857 &nde
338 3802 559 3870 chrysostomus:
571 3822 585 3854 a
595 3803 672 3858 Post·
725 3817 801 3869 rans,
816 3806 846 3859 ot
857 3801 929 3859 alios
941 3803 977 3860 ab
992 3803 1033 3859 eis
1044 3802 1212 3859 dehortans.
1231 3802 1310 3860 Unde

86 3887 174 3944 quam
188 3874 327 3929 Dominus
337 3873 500 3930 sacerdotes
516 3873 673 3944 reponsio·
725 3876 831 3929 locatus
844 3881 884 3929 est
898 3874 991 3931 dicens
1009 3893 1017 3931 ε
1034 3877 1123 3945 Super
1146 3872 1311 3930 cathedram

85 3959 122 4000 ne
131 3942 303 4026 prostravit,
319 3949 348 4001 et
360 3942 586 4010 incorrigibilem
603 3960 670 4000 con·
724 3947 839 4014 Moysis.
855 3944 885 4002 id
903 3951 946 4002 esi
966 3945 1135 4003 auctoritate
1156 3942 1270 4001 dicendi
1284 3949 1314 4003 et

86 4013 224 4072 ditionem
251 4030 352 4073 eorum
380 4016 515 4099 intendit2
541 4014 614 4073 elcut
644 4018 672 4073 et
721 4015 879 4088 iudicandi,
896 4018 1035 4080 redonat,
1053 4015 1161 4072 scilicet
1184 4013 1313 4086 indigne,

86 4085 194 4156 clerici,
214 4084 239 4144 si
263 4086 484 4156 malefecerint,
505 4087 671 4145 metuenda·
724 4089 827 4147 Soita
848 4093 874 4146 et
895 4090 1036 4146 Pharisat.
1058 4085 1201 4144 cathedra
1218 4089 1313 4144 docto-

85 4156 159 4241 biles
171 4165 249 4225 sunt,
265 4158 327 4216 laici
342 4174 409 4217 vero
421 4159 618 4233 delinquentes
633 4159 672 4217 la·
725 4177 787 4219 rum
809 4171 862 4226 ost,
877 4169 906 4218 et
922 4159 986 4216 ideo
999 4158 1135 4240 dicuntur
1151 4157 1251 4241 sedere
1266 4174 1313 4218 su·

85 4229 355 4293 cileemendantur:
372 4238 439 4289 tunc
454 4231 594 4290 convertit
607 4248 669 4289 ser·
724 4248 774 4306 per
798 4232 964 4293 cathedram
993 4231 1109 4297 iliosis,
1135 4229 1309 4303 quidocent
1384 4252 1387 4261 ·

86 4315 204 4362 monem
227 4302 265 4362 ad
286 4302 432 4377 populum.
456 4304 669 4365 infructuosum
723 4304 800 4379 qood
808 4302 902 4362 docuit
912 4247 1093 4377 uoysesXJni
1104 4299 1182 4364 idem
1195 4303 1313 4376 chryso·
