2842 4920
160 397 205 454 bu
231 400 338 454 ciust
366 400 566 455 olitivrurtui
593 402 749 471 UXOREH,
777 403 815 456 iv
843 403 884 457 DE
911 401 1094 465 riivutis,
1124 402 1198 457 MC.
1269 404 1299 458 69

67 509 285 568 multitudinem
296 510 509 582 miraculorum,
524 529 582 570 non
596 519 662 586 pot·
736 513 809 570 endo
824 515 879 571 hoe
889 513 1052 583 mandavit;
1066 513 1116 570 sed
1129 513 1297 584 dispensan-

68 588 151 639 erant
176 581 273 639 omnia
296 582 326 639 in
347 582 510 655 particulari
526 585 660 642 describi.
717 530 764 656 io,
778 585 943 643 sustinendo
962 593 991 643 et
1003 586 1193 657 permittendo
1203 588 1297 643 consi-

105 655 456 712 aCuiibtoisesrnnmsir
468 672 600 714 amnuens
617 676 662 714 iia·
716 656 754 713 lio
771 657 891 724 Spiritus
909 656 1014 726 Sancti,
1027 674 1062 713 ne
1109 657 1175 728 jora
1189 656 1295 727 fierint,

67 742 153 795 rubii,
170 725 305 782 Csmsrus
317 743 388 784 vano
401 743 457 783 riori
481 727 663 788 renuisiriur?
715 726 1078 801 boetoleravit.SicApost0
1092 727 1298 801 ipermiserunt

68 826 101 838 -
120 796 243 861 Deinde,
259 797 390 855 subditur
410 799 537 856 narratio
554 800 590 857 de
608 799 661 857 tri·
715 800 854 857 secundas
870 799 982 871 nuptias
993 799 1298 873 propterincontinen-

66 867 136 941 plici
161 867 361 952 religiosorum
380 869 568 997 perfectione,
586 871 660 929 scili·
715 871 784 928 tiam
799 871 959 942 hominum,
974 878 1003 929 et
1022 873 1112 929 malas
1128 887 1228 929 eorum
1245 889 1296 930 vo-

66 944 135 996 cet:
153 945 381 1010 continentiae,o
402 940 535 1000 edientiae
553 947 582 1000 et
593 959 659 1016 pau·
715 942 840 1000 luntates
850 961 859 1014 ;
876 944 957 1015 juita
971 944 1048 1000 enini
1064 943 1231 1016 primariam
1251 943 1296 1000 in-

65 1010 200 1084 pertatis.
230 1013 264 1068 Et
290 1012 394 1085 primo,
412 1011 447 1068 de
473 1013 659 1086 continentia,
715 1013 902 1082 stitutionem,
918 1030 974 1072 non
989 1013 1110 1072 luitnisi
1129 1014 1212 1071 unica
1231 1015 1298 1072 uni·

66 1098 134 1140 cum
146 1080 255 1140 dicitur
274 1100 282 1140 t
297 1086 335 1140 Et
349 1090 520 1142 accesserunt
534 1086 573 1142 od
587 1103 658 1152 eum,
715 1084 751 1154 ci,
765 1086 814 1142 sed
827 1092 944 1158 propter
956 1085 1192 1143 incontinentiam
1205 1085 1297 1143 bomi-

68 1153 181 1211 scilieet
202 1156 311 1223 Jesum,
334 1157 481 1225 Pborisaei,
496 1156 544 1239 qui
561 1157 660 1230 inpo-
714 1172 793 1224 num,
818 1163 969 1213 transeunt
994 1157 1078 1214 modo
1100 1156 1137 1214 ad
1159 1157 1299 1214 secundas

67 1225 138 1298 pulo
150 1224 314 1283 ludaeorum
332 1242 392 1299 prae
406 1226 471 1284 aliis
489 1228 660 1286 videbantur
713 1227 838 1300 nuptias.
857 1228 947 1298 Unde,
958 1245 1022 1285 oum
1036 1229 1071 1284 de
1086 1228 1199 1286 duobus
1216 1228 1299 1284 malis

69 1296 212 1379 religiosi,
224 1303 360 1354 tentantes
372 1315 442 1368 eum,
458 1298 565 1356 scilicet
578 1316 660 1373 cape-
713 1300 808 1355 minus
820 1298 968 1368 toleratur,
989 1301 1073 1372 bujus
1084 1298 1233 1371 permissio
1253 1299 1298 1354 di-

71 1383 105 1424 re
122 1383 156 1424 iu
167 1370 269 1426 verbis.
293 1370 424 1428 Notanda
447 1375 491 1427 est
519 1371 659 1429 mentium
714 1369 787 1426 citur
808 1369 994 1443 dispensatio,
1018 1370 1098 1443 quasi
1118 1369 1305 1428 diversorum·

73 1438 213 1497 distantia
225 1439 255 1497 in
269 1439 361 1498 turbis
381 1445 409 1498 et
429 1441 590 1499 Pharisaeis.
609 1445 658 1501 Hae
712 1441 853 1514 pensatio,
882 1441 999 1513 quaudo
1026 1443 1082 1499 duo
1109 1441 1186 1498 mala
1214 1441 1296 1514 quasi

70 1510 255 1580 conveniunt,
267 1516 300 1568 ut
310 1513 465 1569 doceantur
474 1520 503 1571 et
517 1512 561 1571 sui
577 1514 658 1570 intir-
713 1529 793 1585 aque
825 1513 976 1584 librantur,
1003 1520 1035 1570 ut
1061 1514 1192 1571 videatur
1219 1513 1295 1586 quod

67 1581 110 1639 mi
125 1589 264 1640 sanentur
274 1582 473 1654 ;biaeeedunt,
488 1590 520 1643 ut
534 1586 659 1643 Salvato·
712 1601 813 1642 eorum
829 1586 910 1667 pejus
925 1586 973 1654 sit,
989 1590 1018 1641 et
1027 1585 1237 1669 praeponderat.
1247 1587 1296 1641 Est

66 1669 130 1710 rem
158 1659 187 1711 el
209 1654 355 1711 doctorem
378 1655 507 1713 veritatis
522 1656 657 1714 tentando
712 1660 807 1713 autem
831 1656 938 1739 ‚triplex
961 1660 1122 1729 permissio,
1152 1655 1260 1713 scilieet
1287 1674 1294 1713 :

65 1725 193 1798 capiant,
204 1725 382 1798 etdecipiant
391 1745 398 1782 ι
408 1728 461 1784 bas
474 1727 587 1785 devotio
597 1728 656 1801 pie·

64 1797 155 1864 latis;
181 1798 246 1854 illos
267 1797 397 1855 stimulus
410 1799 527 1856 adduvit
549 1798 655 1856 livoris.

64 1871 102 1925 Bt
121 1868 375 1941 interrogaverunt
388 1871 509 1928 dieentes
524 1889 533 1927 i
548 1873 582 1929 Si
594 1873 657 1927 lieet

66 1941 176 1996 bomini
189 1942 330 1997 dimittere
347 1958 462 1998 onmem
475 1959 565 2011 mom,
581 1960 657 2014 quo-

65 2028 184 2083 cumque
194 2029 331 2077 excausa,
347 2011 376 2068 id
389 2018 431 2069 est
440 2029 473 2070 ei
483 2013 538 2069 levi
552 2012 657 2072 causa?

67 2084 147 2140 ilaue
172 2089 269 2140 autem
288 2084 473 2155 quaestionem
493 2089 656 2157 proponunt

67 2155 193 2225 Christo,
206 2156 242 2211 ad
256 2154 424 2224 capiendum
438 2172 515 2225 eum,
533 2155 601 2227 quia
613 2173 656 2214 re-

66 2225 185 2298 sponsio
208 2226 245 2282 ad
263 2231 412 2298 utramque
428 2233 535 2297 partem
552 2228 656 2285 calum-

66 2297 185 2355 niabitis
211 2297 361 2354 videbatur
380 2297 425 2355 :si
451 2298 558 2356 diceret
579 2299 654 2355 enim

66 2385 187 2427 uxorem
210 2384 263 2441 pro
284 2367 365 2426 libito
390 2368 541 2427 voluntatis
558 2370 654 2426 dimit·

63 2441 198 2508 tendam,
214 2445 242 2496 et
257 2439 342 2496 aliam
363 2440 531 2500 ducendam.
540 2440 654 2568 fudici-

65 2515 114 2569 tiae
129 2511 304 2585 praedicator
318 2516 346 2568 et
368 2521 492 2570 assertor
510 2510 537 2568 vi
559 2517 655 2570 eretur

62 2584 167 2641 laxare
180 2583 263 2640 irena
284 2583 391 2639 carnali
406 2583 653 2656 concupiscentiae,

62 2660 93 2713 et
108 2654 221 2726 sibiipsi
241 2654 403 2723 contrarie3
420 2654 444 2712 si
458 2663 554 2713 autem
574 2654 653 2712 dice-

61 2732 110 2784 ret
122 2726 202 2799 quod
222 2742 289 2795 uon,
305 2725 451 2783 videretur
467 2735 566 2784 contra
580 2728 655 2798 bloy-

61 2814 117 2855 sen
141 2797 250 2860 dicere,
284 2796 333 2869 qui
365 2797 492 2855 libellum
524 2797 655 2870 permisit

60 2867 191 2942 repudii.
208 2867 264 2926 Sed
285 2867 347 2941 ipse
370 2869 411 2926 sie
435 2868 653 2942 responsionem

61 2944 220 3014 temperat,
231 2944 263 2996 ut
275 2939 434 3012 decipulam
448 2957 548 2998 eorum
564 2947 653 2997 trans-

64 3018 132 3079 eat·,
146 3018 176 3068 et
199 3011 347 3083 respondit
373 3013 435 3069 sola
457 3010 654 3069 fornicationis

67 3097 159 3138 cam
171 3098 286 3139 uxorem
305 3098 369 3139 esse
389 3081 599 3148 dimittendam,
615 3082 655 3139 li-

65 3151 258 3210 beilumvero
278 3153 389 3225 repudii
413 3155 449 3211 ob
469 3153 606 3211 duritiam
627 3159 655 3211 et

64 3222 208 3282 malitiam
220 3223 315 3281 cordis
334 3241 433 3282 eorum
448 3241 465 3281 a
479 3228 572 3297 Moyse
585 3226 654 3282 oliui

66 3295 159 3353 luisse
180 3295 363 3368 permissum.
386 3296 416 3352 id
439 3295 482 3353 est
499 3296 655 3369 nuttelega

64 3367 212 3441 punitum.
241 3367 376 3424 Permisit
397 3372 492 3425 autem
518 3369 581 3436 boc,
597 3384 655 3425 non

60 3438 138 3496 sieut
149 3439 257 3495 bonum
276 3443 305 3494 et
319 3438 426 3495 licitum
442 3456 449 3508 ;
466 3439 527 3509 sed,
538 3444 655 3512 propter

60 3510 162 3583 maius
184 3510 293 3567 malum
317 3511 493 3580 evitandum,
514 3509 582 3582 quia
596 3527 654 3567 uia·

60 3580 120 3640 luit
136 3582 304 3654 permittere
325 3581 489 3652 divortium,
510 3597 596 3654 quam
618 3582 654 3639 ob

61 3655 166 3711 odium
198 3667 330 3717 uxorum,
354 3653 398 3710 vel
422 3653 596 3711 desiderium
612 3670 654 3710 se·

60 3724 228 3782 eundarum
251 3725 418 3796 nuptiarum
442 3724 505 3781 lieri
533 3723 653 3781 homici-

60 3796 155 3854 dium.
170 3797 229 3851 lsta
242 3800 338 3851 autem
354 3795 505 3868 permissio
525 3812 582 3852 non
603 3795 654 3852 ab·

59 3867 198 3925 solvebat
209 3882 259 3922 eos
273 3883 290 3924 a
302 3872 438 3939 peccato;
455 3868 505 3924 sed
516 3872 655 3924 tantuma

59 3954 152 4068 Bm
167 3936 265 4009 legali,
278 3938 347 4020 quia
362 3955 420 3996 non
433 3937 487 3996 luit
501 3938 654 4022 imperium

86 4009 127 4078 ei,
143 4009 196 4067 sed
206 4008 333 4067 hominis
346 4010 534 4069 dissimulatio
547 4027 575 4067 iu
588 4010 656 4066 tole-

58 4081 157 4138 rando
170 4080 265 4138 minus
279 4082 397 4146 malum,
413 4098 449 4139 ne
459 4085 550 4156 majus
560 4082 653 4139 tieret.

63 4155 144 4210 Deus
160 4154 239 4209 enim
255 4169 314 4210 non
342 4158 386 4210 est
406 4153 460 4211 sibi
481 4153 653 4222 contrarius,

64 4230 97 4281 ut
117 4223 198 4281 aliud
215 4229 281 4280 aute
293 4227 423 4298 jusserit,
437 4232 466 4282 et
479 4226 557 4283 aliud
579 4241 655 4282 nune

64 4298 201 4369 imperet.
216 4297 327 4368 Moyses
341 4295 457 4369 quidem
480 4313 534 4354 nec
552 4298 654 4370 praeci-

64 4368 187 4441 piendo,
205 4382 259 4424 nee
271 4367 468 4437 coneedendo,
487 4385 541 4427 nee
559 4368 654 4426 indul·

711 1744 913 1798 concessionis,
928 1734 958 1784 ut
977 1745 1040 1785 euin
1053 1730 1148 1787 Abbas
1165 1726 1295 1785 coneedit

711 1800 850 1856 monacho
867 1804 985 1882 propter
1005 1799 1202 1856 infirmitatem
1218 1798 1294 1855 vesei

711 1870 856 1939 carnibus,
886 1870 989 1927 illicitis
1027 1871 1142 1953 quidem
1178 1874 1296 1943 propter

710 1947 818 2007 votum,
833 1942 884 1999 sed
903 1958 979 1999 nune
995 1942 1079 1998 licitis
1094 1947 1211 2014 propter
1227 1957 1295 1997 eou-

711 2012 867 2069 cessionem
883 2012 1005 2071 Abbatis
1019 2017 1048 2069 et
1062 2028 1177 2069 oausam
1194 2027 1293 2068 neces-

711 2083 836 2153 sariam;
862 2083 1059 2156 indulgentiae,
1083 2089 1116 2140 ut
1144 2082 1294 2156 permissio

710 2159 899 2212 secundarum
920 2155 1105 2238 nuptiarum,
1122 2154 1199 2211 unde
1220 2157 1294 2226 Apo-

710 2228 800 2283 stolus
815 2245 821 2285 :
839 2229 923 2296 Uxor,
937 2243 999 2283 viro
1019 2227 1163 2297 deluncto,
1175 2228 1222 2283 eui
1233 2227 1296 2282 vult

708 2299 805 2366 nutat,
820 2303 926 2355 tantum
941 2302 972 2355 in
987 2303 1113 2369 Domino,
1128 2299 1182 2354 hoe
1197 2302 1294 2354 autem

709 2369 863 2427 secundum
892 2370 1097 2453 indulgentiam
1122 2368 1197 2438 dieo,
1226 2370 1294 2441 quia

709 2439 733 2496 si
753 2440 837 2513 culpa
850 2448 905 2510 est,
925 2441 1045 2498 venialis
1064 2448 1122 2509 est;
1146 2439 1291 2497 sustineu-

708 2511 766 2580 tiae,
783 2518 814 2569 ut
823 2511 971 2594 permissio
982 2512 1069 2570 libelli
1080 2511 1200 2585 repudii,
1215 2511 1291 2583 quod

708 2583 843 2641 sustinuit
857 2586 977 2666 Moyses,
990 2601 1048 2640 non
1059 2583 1209 2650 Dominus,
1224 2582 1292 2654 quia

708 2656 783 2712 Deus
797 2656 852 2711 hoc
867 2671 974 2712 crimen
990 2654 1100 2727 punivit
1123 2653 1290 2726 temporali-

707 2729 751 2783 ter
767 2728 811 2783 vel
827 2727 1096 2800 aeternaliter,quod
1107 2727 1217 2797 Moyses
1233 2741 1290 2781 uon

707 2797 818 2869 punivit
833 2797 1038 2879 temporaliter.
1063 2801 1112 2853 Est
1131 2795 1209 2852 enim
1221 2812 1292 2922 Ber·

709 2868 804 2924 missio
833 2869 1024 2937 sustinentia,
1062 2866 1177 2938 quando
1246 2882 1294 2921 eus

707 2937 846 3011 permittit
861 2955 912 2995 nos
930 2954 1059 3010 peccare,
1077 2939 1199 3007 quinon
1221 2951 1295 2991 con-

709 3009 784 3066 eedit
797 3008 868 3066 illud
884 3009 958 3078 lieri,
970 3024 1023 3064 nec
1048 3006 1196 3078 dispensat
1208 3024 1215 3075 3
1244 3007 1294 3062 sed

709 3079 840 3149 sustinet,
855 3079 885 3137 id
900 3087 944 3137 est
957 3077 1184 3151 perpatientiam
1196 3093 1294 3150 eispe·

708 3157 775 3208 etat.
798 3153 892 3208 Solam
908 3167 976 3224 ergo
1002 3149 1220 3207 fornicationem
1242 3165 1292 3221 pu·

708 3222 750 3279 nit
766 3222 901 3280 Dominus
917 3238 1031 3280 eausam
1051 3220 1172 3291 dissidii,
1187 3222 1293 3294 Jubens

709 3302 817 3351 ceteras
830 3294 976 3352 molestias
988 3310 1038 3366 pro
1053 3293 1110 3350 tide
1125 3292 1250 3365 conjugii
1264 3298 1292 3349 et

709 3368 839 3424 castitate
854 3364 996 3423 sustineri.
1012 3367 1047 3422 Et
1059 3363 1185 3436 intellige
1202 3363 1291 3421 dissi-

708 3437 797 3508 dium,
817 3442 955 3510 quanlum
977 3437 1013 3494 ad
1037 3436 1290 3506 cohabitationem,

708 3513 737 3566 et
759 3508 847 3566 debiti
872 3508 1078 3578 redditionem
1107 3524 1165 3566 uon
1194 3515 1291 3564 lameri

707 3587 845 3652 quantum
871 3581 907 3637 ad
933 3579 1076 3637 vinculum
1104 3578 1290 3645 matrimonii,

708 3650 784 3724 quod
801 3669 859 3709 non
870 3651 989 3709 solvitur
1006 3651 1062 3708 nisi
1078 3667 1128 3722 per
1147 3657 1289 3718 mortem,

708 3732 737 3780 et
753 3739 821 3795 ergo
844 3739 898 3780 nee
926 3721 970 3779 vir
996 3739 1049 3780 nee
1069 3721 1171 3779 mulier
1191 3727 1291 3850 Xotest

708 3796 886 3861 contrahere,
905 3794 997 3851 altero
1012 3797 1136 3851 vivente.
1146 3796 1188 3850 Uii
1210 3797 1292 3850 elta-

709 3867 796 3923 bonua
814 3883 821 3922 ι
839 3886 853 3919 <i
870 3867 931 3923 Una
945 3883 977 3923 er
998 3883 1014 3923 o
1033 3866 1212 3923 solummodo
1228 3880 1293 3920 car·

708 3938 783 3995 nalis
792 3942 836 3994 est
851 3954 947 4008 eausa,
958 3883 997 3995 iii
1003 3945 1047 3995 est
1057 3937 1293 4019 fornicatio,·una

708 4008 874 4082 spiritualis,
907 4010 961 4066 hoe
992 4018 1036 4066 est
1062 4012 1149 4064 timor
1177 4009 1239 4075 Dei,
1264 4014 1294 4063 ut

707 4097 779 4138 uior
797 4081 975 4150 dimittatur3
996 4081 1074 4137 nulla
1094 4085 1191 4136 autem
1208 4094 1293 4135 causa

708 4157 752 4210 est
773 4158 813 4224 ut,
830 4153 943 4210 vivente
963 4168 1007 4222 ea,
1033 4167 1097 4220 ouae
1110 4149 1210 4207 relicta
1238 4157 1291 4220 est,

707 4224 765 4282 alia
783 4227 913 4282 ducatur.
938 4242 953 4277 u
979 4253 1014 4265 -
1036 4219 1226 4290 Spiritualiter
1241 4237 1293 4294 per

706 4313 823 4354 uxorem
835 4313 899 4369 quae
913 4311 972 4351 non
987 4292 1139 4350 dimittitur
1156 4292 1212 4351 nisi
1223 4309 1291 4366 pro·

707 4373 771 4441 pter
788 4365 1018 4434 fornicationem,
1038 4364 1205 4436 intelligitur
1227 4368 1291 4423 ani·
