2820 4928
136 375 181 431 106
488 374 646 428 suntuna
673 372 794 427 etatis
821 372 928 428 catut
954 374 1019 428 llll

136 500 250 551 reustum
265 484 403 541 culorum.
420 483 501 553 llem,
516 483 573 541 Lex
588 500 646 542 non
660 499 725 557 pro·
747 478 751 625 1

140 558 269 615 mittebat
289 556 470 628 temporalia,
483 564 627 629 tamquam
650 560 725 630 prin-

816 503 830 539 s
844 482 901 541 Con
914 500 1011 540 urruns
1022 499 1159 540 camonis
1173 502 1270 543 uousu
1281 502 1365 544 races-

780 556 853 612 ren?
872 555 989 624 -Quia
1014 572 1083 627 ergo
1112 558 1258 615 l‘barisai
1281 576 1365 616 cumn

141 628 232 700 cipale
248 644 412 700 praemium,
427 634 454 684 et
476 628 539 685 idco
555 628 725 698 ubicumque
747 634 750 657 ¹
779 627 942 684 hominibus
962 645 992 685 se
1008 628 1225 698 justillcabant,
1242 640 1272 687 et
1287 633 1366 702 jutus

138 700 169 758 in
186 716 267 755 sacra
283 699 428 772 Scriptura
442 716 493 829 pro
509 700 620 757 arcitus
634 702 724 757 virtu·
747 728 750 835 y

780 717 810 756 se
821 715 883 757 esse
897 700 1097 769 ostendebant,
1112 711 1285 772 peccatores
1294 704 1365 775 qnasi

140 777 199 827 turn
226 771 431 843 promittuntur
466 787 521 829 ona
544 772 724 843 temporalia,
779 771 911 828 intirmos
927 773 1148 840 contemnendo,
1166 782 1197 830 et
1217 778 1367 832 eleemosi-

139 841 750 916 subitusintelligunturttonasptrnuattat
779 860 882 900 narium
910 844 1037 902 remedia
1066 844 1261 916 negligendo,
1290 838 1366 929 qua'u

139 919 168 973 at
196 919 324 981 aeterna,
351 920 497 988 tamquam
527 917 727 988 principaliter
776 917 852 988 juste
873 915 1112 974 bacavaritiaet
1130 933 1224 974 avara
1255 918 1367 976 altitudo

137 985 287 1057 promissa.
298 990 354 1044 Nec
368 989 541 1057 temporalia
552 988 593 1045 sle
606 991 725 1062 promit·
778 988 944 1045 damnanda
963 988 1010 1057 sit,
1025 986 1055 1043 in
1075 989 1213 1060 sequenti
1236 990 1367 1047 Dominus

136 1058 270 1116 tebantur
284 1060 319 1116 ad
337 1060 442 1117 malum
457 1076 552 1131 usum,
568 1062 639 1118 sicut
655 1062 725 1117 Pba·

138 1129 213 1186 sisai
227 1129 282 1188 ista
297 1132 333 1188 ad
349 1133 544 1189 defensionem
562 1149 621 1189 snae
636 1131 725 1189 avari-

137 1201 184 1259 tiae
198 1204 272 1260 male
289 1203 471 1273 inducebant,
487 1206 536 1261 scd
551 1206 587 1262 ad
597 1207 723 1274 bonum;

137 1275 204 1346 quia
228 1275 268 1332 illi
297 1278 344 1347 qui
368 1277 441 1334 beno
464 1282 583 1335 utuntur
609 1276 724 1347 divitiis,

136 1362 195 1403 non
211 1347 337 1404 serviunt
349 1348 400 1419 eis,
416 1365 466 1406 nec
480 1348 604 1405 daemoni
615 1365 666 1421 por
677 1365 725 1406 cas

136 1418 271 1482 tentanti,
287 1420 336 1476 sod
353 1421 444 1492 magis
460 1437 475 1475 e
498 1437 634 1477 converso
654 1419 724 1476 divi-

138 1492 185 1546 tiae
200 1491 326 1546 sterriunt
342 1492 419 1563 ipsis,
431 1489 498 1562 quia
515 1498 580 1547 sunt
591 1491 632 1547 eis
645 1493 726 1563 iura-

138 1566 235 1617 menta
247 1561 373 1628 virtutis;
395 1568 423 1619 et
440 1562 507 1616 tales
523 1563 636 1619 scierunt
655 1566 723 1632 Noc,

135 1633 290 1700 Abrabam,
307 1639 335 1689 ol
349 1632 397 1689 alii
414 1632 516 1690 divites
529 1633 576 1705 qui
594 1636 651 1691 lico
666 1652 723 1691 ser·

135 1703 259 1772 aierunt,
275 1709 303 1759 et
329 1705 498 1773 [claruerunt
524 1704 551 1761 in
576 1709 625 1762 eis.
645 1707 723 1763 Uudo

136 1775 309 1832 occurritcis
323 1777 459 1833 Dominus
469 1779 724 1835 contutansetred-

136 1862 260 1917 arguens
284 1864 334 1904 tros
354 1849 388 1905 dir
416 1866 488 1905 vona
516 1850 621 1919 gloria,
642 1857 669 1907 et
688 1851 723 1906 de

136 1918 266 1987 avaritia,
290 1926 315 1976 et
334 1924 375 1977 uit
394 1924 453 1977 illis
470 1940 477 1976 ε
494 1925 549 1979 Vos
576 1925 651 1991 estis,
674 1925 723 1993 qui

133 1992 298 2062 justificatis
311 2010 358 2049 eos
373 2011 463 2050 eornm
476 1996 640 2059 dominibus,
656 2010 722 2051 ava·

135 2065 231 2120 titiant
247 2071 371 2122 vestram
386 2066 524 2139 praedicto
552 2067 635 2122 muido
654 2066 722 2124 salse

138 2137 302 2205 colorando,
319 2143 347 2193 ot
361 2154 449 2209 opera
463 2142 558 2195 vestra
572 2147 602 2194 ut
615 2139 651 2195 ab
665 2140 722 2194 bo-

139 2205 263 2262 minibus
290 2208 445 2265 videamini
466 2209 623 2266 iaciendo:
651 2213 722 2265 Deus

137 2285 239 2346 autern,
266 2278 311 2334 cui
338 2282 432 2335 omnio
457 2281 534 2335 nudo
566 2286 592 2337 et
626 2287 722 2352 operto

135 2355 211 2415 suut,
216 2390 271 2407 .....
287 2354 364 2406 rtoeit
387 2351 470 2407 cordo
496 2356 597 2419 vestro,
619 2358 645 2407 ot
663 2352 720 2408 ini·

135 2418 275 2492 quitatem
291 2420 329 2477 ibi
344 2421 493 2490 latentem,
509 2426 577 2493 quia
590 2425 664 2494 quod
677 2426 722 2480 lio·

135 2494 267 2561 minibus,
284 2498 310 2549 el
326 2496 353 2549 in
368 2494 548 2575 reputatione
561 2495 720 2564 hominum,

135 2566 183 2635 qni
200 2563 295 2621 uident
308 2565 336 2621 in
353 2566 434 2632 lacte,
454 2569 542 2624 altura
561 2573 611 2629 est.
631 2566 660 2625 id
678 2574 722 2624 est

134 2650 275 2708 apparens
292 2637 412 2705 justitia,
426 2647 454 2694 ct
475 2656 530 2694 ιιιιιι
551 2638 674 2695 existens
691 2639 719 2695 in

134 2723 176 2775 re,
193 2709 362 2764 abominatio
381 2716 421 2765 est
440 2712 516 2782 opud
539 2715 630 2771 Deuca,
648 2715 676 2765 ct
691 2711 720 2767 in

135 2784 318 2850 reputatione
340 2780 391 2837 lici
408 2784 454 2852 quil
478 2781 556 2838 ridet
572 2784 598 2837 in
615 2783 718 2853 corde,

134 2850 721 2926 quiasimulatasanctitasaluplctastitri-

134 2928 230 2996 quitas
244 2944 252 2979 ε
267 2930 309 2981 cst
325 2925 401 2982 enim
416 2931 443 2982 et
458 2927 612 2989 simulatio,
627 2930 656 2982 ct
669 2925 721 2981 ini-

134 2996 235 3067 quitas.
253 2996 377 3054 audant
390 3000 443 3057 boc
458 2998 613 3071 hypocritae
623 3005 650 3053 et
660 3014 720 3054 ant-

133 3066 240 3136 hilinsi,
261 3069 328 3139 qrtia
343 3078 450 3141 quanto
464 3070 554 3139 alapis
569 3076 720 3142 apparent,

133 3145 206 3196 etse
227 3142 351 3197 exaltant
375 3141 451 3211 apud
475 3141 619 3207 bonnues,
641 3148 721 3197 tanto

134 3213 225 3281 magis
238 3211 444 3268 abominabiles
457 3223 523 3268 sunt
533 3215 607 3283 apud
621 3215 720 3268 Deum.

134 3282 233 3352 igitur,
250 3282 315 3352 qnia
331 3285 404 3338 [letis
418 3282 496 3338 videt
510 3287 606 3349 corda,
623 3291 652 3340 et
673 3300 723 3355 per

133 3368 313 3422 consequeus
326 3358 403 3409 vitiet
417 3353 502 3409 eliam
528 3355 611 3421 lacta,
628 3371 723 3425 quan-

132 3427 317 3494 tumcumque
349 3430 477 3488 secreta,
496 3427 666 3481 studendum
682 3432 723 3482 est

132 3493 261 3557 cuilibet,
289 3494 375 3551 etiarn
393 3512 457 3552 cunt
483 3497 561 3552 solus
581 3497 675 3559 luerit,
693 3504 724 3553 ut

134 3574 163 3621 et
189 3565 341 3636 cogitando
369 3571 398 3623 ot
423 3570 567 3640 operando
584 3568 659 3624 nrala
677 3569 724 3625 de-

133 3636 221 3693 clinet
242 3645 270 3693 et
291 3640 366 3694 bona
386 3639 480 3696 latitat.
498 3639 526 3697 Si
541 3639 616 3697 onim
633 3642 722 3701 bourn

132 3715 316 3781 praesentem,
343 3713 371 3765 el
402 3711 500 3769 omnia
520 3711 674 3781 vitlontem,
694 3720 723 3768 et

132 3780 323 3838 viridicantrm
368 3798 481 3855 semper
508 3784 720 3854 cogitaremus,

134 3859 183 3911 aut
209 3853 252 3909 vix
274 3860 324 3910 aut
350 3870 503 3926 numquam
528 3871 719 3928 peccassemus.

134 3926 215 3983 Unde
237 3928 347 3983 ltoetius
369 3943 375 3983 :
404 3948 417 3976 ιι
439 3927 616 3985 Auersamini
637 3927 720 3998 vitia,

133 3997 218 4055 colite
240 4003 371 4064 virtius-s,
390 3998 426 4054 ad
456 4004 547 4055 rectas
569 4015 633 4070 spos
660 4001 720 4055 ani-

133 4085 210 4126 mum
239 4071 399 4139 sublevate,
417 4069 538 4127 ltumiles
561 4085 659 4199 preces
692 4073 719 4126 in

131 4148 243 4199 excelsa
255 4143 510 4214 porrigiteanauna
526 4160 559 4197 ro
582 4141 606 4199 is
621 4148 722 4199 estne·

133 4218 252 4271 cessitas
267 4213 375 4273 indicta
400 4212 561 4286 probitatis,
577 4230 640 4270 cum
655 4222 721 4271 atito

132 4285 228 4341 oculos
259 4284 345 4359 agitis
383 4287 492 4345 iudicis
530 4292 635 4347 cuncta
663 4303 722 4343 cer·

136 4358 252 4412 nentis:
271 4377 287 4407 a
310 4359 502 4416 baecBoetiua.

780 1060 863 1117 dulcet
877 1060 1017 1133 exemplo,
1033 1060 1110 1131 quod
1132 1060 1266 1118 maxime
1288 1061 1368 1119 iudu-

779 1130 853 1188 citur
874 1132 911 1189 ad
938 1132 1154 1204 provocandum
1185 1133 1323 1190 homines
1338 1134 1368 1191 ad

779 1220 866 1273 opera
891 1201 1103 1270 misericordiae,
1134 1219 1171 1259 ex
1191 1203 1286 1263 divite
1315 1222 1369 1275 pro

779 1278 841 1346 pter
854 1276 995 1334 delectum
1013 1274 1128 1347 pietatis
1158 1280 1187 1330 et
1205 1276 1369 1334 misericor-

779 1346 833 1403 dias
843 1348 976 1403 damnato
988 1365 995 1415 3
1013 1355 1039 1402 et
1048 1363 1104 1402 non
1116 1345 1231 1403 dieitur
1240 1349 1289 1405 bic
1302 1350 1369 1420 quod

780 1418 816 1475 sit
831 1420 967 1491 {sarabela
983 1418 1027 1474 vel
1053 1418 1229 1479 similitudo.
1249 1421 1317 1491 quia
1332 1428 1369 1477 est

780 1490 821 1547 roi
838 1496 925 1562 gestae
942 1489 1078 1546 narratio.
1101 1490 1198 1559 Utrde,
1216 1493 1368 1549 secundun

780 1565 929 1634 quosdam,
946 1562 1024 1619 dives
1035 1561 1085 1616 iste
1098 1563 1190 1618 Nabal
1200 1573 1279 1631 erat,
1291 1579 1368 1635 quern

781 1634 867 1690 lisivicl
884 1634 1013 1690 occidero
1033 1632 1160 1700 volebat,
1184 1634 1256 1705 qnia
1274 1642 1369 1691 victua-

779 1705 817 1762 lia
831 1706 884 1763 sibi
900 1712 928 1762 et
938 1706 997 1761 suis
1012 1710 1180 1773 negaverat.
1197 1707 1277 1763 llicit
1287 1722 1368 1775 ergo:

778 1782 863 1834 llomo
883 1779 1009 1850 quidum.
1031 1776 1077 1833 ulii
1106 1779 1277 1835 notandum
1302 1778 1368 1849 quod

778 1851 864 1906 hoino
885 1849 981 1932 potius
1007 1852 1090 1904 sonat
1118 1848 1169 1903 bic
1198 1849 1230 1904 in
1266 1850 1367 1915 vitium,

779 1938 863 1992 qnam
884 1940 911 1977 ιιι
936 1927 1079 1988 naturam,
1097 1925 1128 1975 ul
1150 1920 1272 1978 dicatur
1291 1925 1367 1978 bomo

778 1996 814 2051 ab
828 1996 926 2061 ltumo,
943 1994 968 2047 id
988 1997 1028 2048 ost
1045 1993 1133 2047 burno
1153 1993 1312 2051 adherens
1325 2008 1368 2065 per

778 2081 906 2121 amororn
923 2071 1111 2127 terrenorum.
1128 2065 1300 2122 Secundum
1312 2067 1367 2123 Gra

778 2141 897 2207 portaria,
915 2153 971 2192 non
986 2135 1156 2209 exprimitur
1176 2153 1289 2195 nomeu
1302 2140 1364 2209 ejus,

778 2208 846 2280 quia
862 2226 920 2265 nou
934 2214 996 2264 orat
1013 2226 1030 2264 a
1052 2208 1110 2262 [teo
1135 2223 1189 2278 per
1203 2208 1365 2282 approbati·

778 2298 861 2338 onom
877 2279 1018 2351 cognitus,
1032 2279 1189 2334 secundnm
1208 2283 1290 2351 ‹prtod
1305 2278 1363 2337 dicit

778 2353 907 2410 Salvator
916 2350 1090 2424 reprobatis:
1120 2354 1290 2422 Νιιιιιιμιιιιιι
1310 2352 1363 2408 noui

776 2441 833 2481 eos.
852 2424 930 2480 Unde
946 2422 1025 2495 quasi
1042 2421 1161 2493 ignotus
1175 2425 1259 2495 apud
1272 2427 1361 2491 Deum,

776 2495 891 2554 nomine
916 2511 971 2551 non
996 2493 1176 2563 designatur,
1203 2512 1300 2568 neque
1319 2511 1361 2551 no·

777 2567 902 2625 minatur
916 2583 933 2623 a
949 2569 1017 2634 Deo,
1033 2566 1100 2638 qnia
1117 2582 1230 2623 nornen
1249 2566 1360 2639 quasis

776 2646 821 2695 rat
835 2639 979 2696 amundo.
996 2641 1080 2694 Homo
1095 2653 1165 2707 ergo
1177 2640 1299 2708 quidone
1310 2644 1361 2695 erut

775 2713 851 2766 dines
869 2727 926 2766 tion
945 2714 1002 2765 tam
1018 2726 1035 2765 a
1053 2709 1240 2782 possessione
1257 2710 1359 2767 divitia·

776 2800 850 2849 runt,
869 2798 956 2853 quarn
974 2783 1010 2837 ab
1031 2797 1130 2837 amoro
1153 2797 1278 2838 earum:
1302 2796 1360 2837 eece

776 2853 957 2926 supcrlluitas
967 2852 996 2909 iu
1011 2869 1105 2920 sensu,
1117 2860 1146 2907 et
1159 2851 1358 2926 concupiscen-

775 2926 816 2983 tia
830 2925 977 2981 oculorum
993 2941 1000 2991 ς
1031 2927 1080 2994 qui
1109 2925 1283 2981 induebatur
1298 2941 1359 2997 pur·

776 3015 858 3069 patra,
871 2998 960 3053 rubea
974 2996 1107 3067 desuper.
1118 3002 1241 3065 propter
1252 2997 1359 3053 inanem

777 3069 908 3140 gloriam,
927 3074 954 3124 et
978 3069 1056 3136 ipsso
1076 3068 1142 3123 alba
1162 3068 1305 3124 desubtus
1328 3066 1360 3123 atl

777 3156 903 3205 carnem,
918 3145 1035 3212 propter
1050 3138 1219 3196 moltitiem:
1237 3157 1303 3196 ecre
1321 3155 1361 3196 es·

778 3228 876 3269 cessus
899 3210 927 3266 in
953 3210 1055 3266 uestitu
1073 3217 1100 3265 et
1120 3212 1260 3281 superbia
1275 3211 1359 3277 rita;

777 3290 802 3340 et
817 3284 983 3356 epulubatur
996 3283 1119 3352 quotidie
1131 3284 1292 3352 splendide,
1307 3298 1360 3338 ser·

778 3355 961 3426 viendogulae
973 3352 1062 3423 tnagis
1073 3361 1288 3424 quantnaturre:
1301 3368 1360 3410 erra

778 3443 908 3484 excessus
933 3425 962 3480 in
984 3425 1056 3480 rictu
1078 3431 1106 3479 et
1135 3424 1360 3496 cortrupisrautia

778 3498 883 3568 caricis,
899 3497 1054 3554 secundum
1082 3496 1159 3566 quod
1183 3497 1360 3565 uestimenta,

778 3570 862 3627 itaet
881 3590 894 3621 ι·
919 3569 981 3625 ulae.
999 3568 1039 3623 ad
1059 3566 1209 3622 mollitiem
1231 3575 1259 3625 et
1283 3569 1362 3625 lucu·

777 3642 848 3698 riam
865 3586 941 3697 cuim
955 3641 1034 3710 regio
1059 3638 1235 3695 dissolvebat
1251 3654 1362 3696 carnem

777 3720 910 3775 asterius,
920 3729 952 3768 ac
967 3710 1038 3767 cibis
1052 3716 1080 3767 et
1090 3711 1207 3784 potibus
1221 3712 1363 3769 resosonat

777 3803 838 3843 catu
856 3784 985 3840 interius.

812 3858 903 3914 5Ccn
929 3873 1017 3912 auras
1040 3872 1172 3912 recessus
1201 3872 1296 3911 nouas·
1317 3870 1361 3909 as·

775 3928 930 3985 auruncus?
943 3945 974 3983 ar
990 3947 1023 3983 nu
1039 3944 1124 3983 iustus
1138 3944 1268 3983 rasurus.
1282 3956 1317 3967 -
1329 3927 1361 3981 st

776 4007 836 4056 erut
857 4001 972 4071 quidum
992 4000 1132 4055 mendicus·
1146 4001 1259 4054 nornine
1277 4000 1361 4055 Lazo·

774 4089 842 4140 tars;
867 4071 946 4127 diviti
969 4070 1134 4142 adjungitur
1155 4086 1275 4143 pauper,
1297 4067 1361 4140 qnia

776 4143 941 4200 alteralteri
969 4146 1088 4209 roril'ert,
1115 4146 1165 4197 sed
1182 4140 1358 4207 «litteraliter,

776 4215 843 4287 quia
861 4215 940 4270 diros
956 4215 1064 4270 conlert
1084 4213 1281 4282 temporaliter
1296 4228 1361 4285 pau·

795 4287 848 4355 eri,
869 4292 896 4342 et
924 4300 1030 4357 pauper
1060 4284 1249 4359 spiritualiter
1270 4282 1358 4339 diuiti.

776 4303 857 4416 Bada
871 4355 913 4414 ait
930 4360 1153 4429 chrysostomus.-
1168 4377 1184 4408 «
1199 4357 1273 4413 Dum
1280 4354 1359 4413 diros
