2820 4928
90 322 137 380 ‘tto
419 325 577 380 SECUNDD
605 322 726 380 murts
754 322 856 378 GbPDT
885 322 1010 377 xxxtx

88 448 166 492 munt
184 432 350 492 Judaeorum
376 431 576 499 deserendam,
591 432 619 488 id
636 437 678 489 est

90 507 233 565 civitatem
247 505 402 562 Jerusalem
424 512 451 560 et
477 506 624 576 templum.
642 509 678 561 Et

88 585 258 635 accesserunt
271 579 405 647 discipuli
415 577 474 645 ejus
488 576 676 643 admirantes,

89 651 113 708 si
138 653 274 709 temnlum
299 655 385 705 tantm
409 648 625 720 pirlcbritudinls
648 654 676 705 et

89 721 263 779 tortitudinis
284 722 487 783 destrueretur,
505 727 533 776 et.
550 720 585 775 od
602 720 675 777 tribi-

91 794 148 850 lum
176 793 377 863 redigeretur,
407 799 437 848 ot
459 793 628 848 ostenderent
652 795 678 848 ei

87 867 280 935 miserationes
295 867 398 936 templi.
415 882 472 920 non
487 864 607 926 inlotos,
625 864 674 920 sed

88 944 234 1007 tamquam
263 937 471 999 admirandas,
500 946 530 993 ut
559 943 675 1008 propter

87 1009 266 1066 nobilitatem
293 1016 320 1065 ct
343 1009 584 1080 magnificentiam
603 1009 674 1065 ‹edi-

87 1081 228 1149 ficiorum,
257 1099 319 1154 qum
349 1084 384 1138 ad
407 1081 534 1137 (lirinum
565 1082 673 1137 cultum

87 1154 161 1209 lacta
175 1160 266 1217 erant,
286 1158 447 1209 tlerteretur
463 1154 497 1208 od
515 1152 674 1209 misericor-

87 1225 174 1294 diam,
191 1235 219 1281 et
234 1226 376 1297 mitigaret
392 1241 503 1297 pinnam
518 1224 673 1281 commina-

87 1302 155 1354 tam.
183 1298 337 1356 Videbatur
358 1298 443 1354 etiaim
459 1296 510 1366 eis,
531 1298 607 1369 quod
623 1313 674 1352 uec

85 1369 159 1441 rapi,
180 1386 232 1425 nee
259 1369 347 1427 everti
376 1376 482 1440 posset,
503 1376 545 1426 vel
567 1368 671 1424 dirimi.

85 1443 146 1497 Nou
161 1442 349 1511 respiciebant
368 1442 404 1497 ad
421 1441 517 1512 templi
538 1441 672 1497 saltema-

85 1518 154 1581 tem,
173 1514 222 1568 sed
244 1515 281 1570 ad
298 1512 483 1569 odim-toron
508 1513 671 1584 pretiosita-

83 1587 141 1640 tem
157 1590 185 1640 et
200 1586 395 1642 tortitudinem
405 1601 412 1653 ;
428 1583 468 1639 sie
491 1584 574 1640 botin
588 1583 670 1640 multi

85 1656 150 1728 plus
176 1658 327 1713 attendunt
347 1656 382 1711 ad
411 1656 516 1711 cultum
535 1656 670 1712 eoeleste

85 1727 271 1798 corporalem.
286 1743 372 1799 quam
383 1727 571 1795 spirituatem.
591 1728 670 1784 Unde

86 1801 290 1866 Hieronymus:
315 1821 329 1850 «
348 1802 473 1855 tleuums
492 1798 595 1855 altaria
612 1799 672 1855 lul-

86 1876 163 1944 gent,
174 1877 200 1926 et
214 1870 407 1927 ministrorum
422 1871 469 1928 liei
481 1872 559 1927 titillo
571 1871 671 1927 electio

87 1949 130 2000 est
157 1944 401 2000 solomonium
418 1943 467 1999 luit
484 1943 511 1998 in
525 1943 672 2015 primitiva

88 2015 222 2083 Ecclesia,
240 2018 307 2087 quia
323 2015 471 2085 majoriis
487 2017 571 2072 siebat
586 2017 613 2071 in
629 2033 673 2071 or·

87 2095 155 2143 natu
170 2088 320 2158 spirituali,
338 2105 422 2159 quam
439 2089 467 2144 in
489 2088 639 2144 trieteriali.
658 2108 671 2139 o

89 2161 168 2215 tinto
183 2167 211 2215 et
225 2163 400 2225 „trepontium
422 2180 429 2213 ι
451 2182 460 2210 r
486 2161 569 2226 ubo,
591 2166 673 2215 erant

86 2231 211 2303 parietes
226 2233 356 2287 Ecclesiae
369 2231 448 2296 viles,
460 2236 484 2285 et
502 2231 554 2286 riri
572 2232 673 2300 pretio·

87 2302 110 2358 si
124 2321 131 2371 ς
148 2302 243 2368 incido,
255 2319 270 2357 e
282 2318 428 2357 «universo.
447 2302 575 2357 Ecclesiae
591 2302 672 2373 quip-

87 2390 123 2447 pe
140 2379 258 2429 oruutur
272 2390 328 2428 iton
343 2382 385 2427 cst
410 2375 435 2428 iu
458 2374 596 2435 aediliciis.
622 2390 673 2430 ne·

90 2462 145 2518 que
161 2444 188 2499 iu
204 2443 372 2511 redditibus,
388 2447 437 2500 sed
458 2445 485 2501 in
504 2446 673 2509 tritonilitate,

89 2516 293 2589 hospitalitate,
311 2525 339 2572 et
355 2516 494 2586 pietate.»
514 2522 574 2589 lpse
584 2527 675 2574 (rectem

89 2592 167 2645 Jesus
180 2590 344 2660 respondens
364 2591 439 2644 derit
467 2592 534 2657 iltis,
552 2607 608 2646 non
627 2608 675 2646 so-

88 2661 147 2718 lum
159 2663 219 2719 baec
232 2662 320 2717 ilcestre
329 2665 403 2717 enda
416 2662 485 2723 lore.
502 2663 550 2717 sod
563 2667 590 2718 et
601 2663 676 2733 quod

91 2733 175 2790 ineis
196 2751 253 2790 nou
268 2734 478 2804 relinqueretur
501 2734 571 2805 lupis
591 2751 677 2806 super

89 2805 280 2889 lapidem,qui
292 2823 348 2862 non
359 2805 590 2862 destruereturot
603 2823 678 2862 com-

92 2886 291 2945 minueretur,
318 2885 577 2950 quantumcumque
611 2878 678 2951 ipsis

91 2951 216 3021 pretiosa
230 2956 257 3007 et
273 2950 357 3007 tortia
369 2952 540 3007 viderentur.
553 2950 625 3007 Dixit
636 2967 679 3007 er·

90 3038 126 3093 go
137 3022 177 3078 eis
189 3042 195 3079 :
212 3026 247 3079 l'i
257 3025 318 3078 tetis
329 3024 383 3078 beo
394 3027 504 3079 omnio?
519 3026 605 3079 Amen
616 3023 677 3078 dieo

92 3095 180 3157 codis,
196 3112 249 3150 noti
262 3098 433 3166 relinquetur
448 3098 492 3151 bie
506 3097 579 3168 lupis
596 3112 679 3165 super

93 3166 225 3235 lapidem,
240 3171 289 3237 qui
304 3185 356 3223 nort
372 3168 537 3224 destructur.
556 3171 612 3224 Hoc
628 3184 677 3223 au·

93 3242 150 3292 tem
164 3239 267 3294 farctum
285 3246 328 3295 est
342 3239 503 3295 alloumuis
519 3258 555 3310 qu
566 3241 677 3309 ulrage·

93 3307 165 3363 simo
190 3310 313 3366 secundo
337 3328 414 3365 anuo
434 3317 497 3382 post
514 3312 678 3367 Passionem

96 3379 214 3434 Domini.
243 3381 378 3437 Similiter
395 3394 448 3437 crit
463 3383 498 3437 de
520 3383 630 3454 maguis
651 3389 679 3438 et

93 3451 266 3521 sumptuosis
293 3452 414 3522 palatiis,
435 3453 500 3521 quia
521 3471 576 3508 uon
593 3454 679 3510 relin-

94 3528 199 3593 quetur
215 3521 286 3591 lapis
300 3522 545 3594 superlapidcmiu
558 3524 608 3579 eis.
624 3528 679 3580 Se-

92 3593 215 3648 cundum
226 3594 337 3655 Decium.
350 3594 482 3650 divinitus
498 3601 679 3666 procuratum

94 3672 137 3721 cst
151 3671 179 3721 el
194 3669 349 3738 provisum,
366 3671 406 3727 ut.
436 3668 577 3736 patefacta
592 3684 678 3723 evan-

94 3737 183 3809 gelicu
198 3738 291 3809 gratia
309 3754 359 3809 per
377 3738 542 3795 uuiversum
568 3741 679 3809 orbem,

92 3810 228 3881 templum
244 3810 335 3883 ipsum
353 3828 416 3867 cum
430 3810 488 3867 suis
510 3811 680 3868 ceremoniis

90 3882 247 3953 tolleretur,
262 3899 296 3938 ne
314 3882 376 3955 quis
389 3883 481 3938 adlmc
500 3885 636 3954 parvulus
651 3892 680 3940 et

92 3952 224 4010 infirmus
235 3957 263 4010 in
277 3955 344 4023 tide,
357 3954 491 4020 siviterit
509 3954 557 4011 illa
571 3972 681 4027 perma-

93 4025 680 4098 uerequaeaDeosuntinstituta,asince-

92 4096 176 4153 ritate
191 4098 269 4162 fidei,
285 4100 321 4156 ad
335 4099 513 4157 ludaismum
524 4098 678 4157 laberetur.

90 4169 223 4227 buterlur
242 4187 310 4243 ergo
325 4173 437 4236 umbra.
455 4177 483 4228 et
497 4171 622 4300 patrnam
635 4175 679 4227 te·

90 4241 251 4324 netveritas
266 4259 316 4314 per
333 4245 432 4301 orbem
449 4247 595 4302 decanatu
614 4244 679 4300 Om-

91 4326 136 4372 nis
159 4317 266 4369 etenim
287 4316 456 4389 compositio
475 4318 679 4378 mandatorum

741 430 833 489 sicest
846 429 1008 495 destructa,
1026 430 1061 486 ut
1082 426 1179 486 Judaei
1199 425 1266 485 nibil
1278 424 1326 487 in·

738 504 844 576 pleant‚
855 501 987 570 etcopite
1005 501 1141 569 sublato,
1157 502 1281 558 membra
1292 501 1326 558 in·

737 582 781 633 ter
801 591 830 630 se
846 582 988 646 pugnent.
1007 574 1094 630 Unde
1112 576 1325 641 chrysostomos:

737 670 751 699 o
766 647 817 703 llta
834 645 1140 715 Jerusalemtlguralis
1154 652 1253 717 typum
1269 646 1328 717 gerit

734 712 1074 786 Jerusalemspiritualis,
1090 717 1180 774 idest
1199 719 1328 775 Ecclesia.

735 794 816 859 Nom,
834 789 887 845 nisi
904 789 1145 861 templumjstud
1164 790 1328 846 destructur

734 863 843 929 luisset,
860 861 1048 918 observantia
1065 862 1155 931 Legis
1180 878 1240 917 nou
1258 862 1327 917 tacite

733 935 834 991 luisset
848 936 1072 1006 compescenda.
1092 936 1163 990 loeo
1178 940 1275 989 autem
1290 934 1328 990 de

733 1013 871 1063 structum
887 1018 940 1073 est,
955 1013 987 1062 ut
1003 1006 1025 1061 si
1044 1005 1250 1064 relintdudaei
1266 1014 1327 1076 post·

733 1079 849 1135 modum
865 1094 980 1135 servare
999 1079 1121 1149 Legem,
1137 1093 1198 1133 non
1216 1076 1325 1149 possint,

733 1159 781 1208 aut
794 1151 830 1206 de
845 1152 961 1217 Poseba,
979 1156 1030 1206 aut
1046 1150 1086 1205 de
1105 1149 1273 1217 sacrificiis,
1288 1156 1326 1204 aut

733 1224 767 1279 de
789 1221 892 1278 ceteris
912 1221 1137 1277 festivitatibus.
1161 1220 1324 1278 Ceciderunt

732 1295 891 1365 corporalia
914 1298 942 1349 et
966 1293 1117 1364 figuralia,
1135 1299 1167 1349 ut
1186 1300 1324 1364 surgerent

733 1365 891 1438 spiritualia
905 1371 932 1421 et
957 1382 1026 1422 vera
1043 1365 1192 1438 mysteria
1210 1383 1218 1421 z
1239 1390 1252 1414 o
1276 1366 1323 1421 hee

732 1440 953 1507 chrysostomus.

769 1513 1052 1567 olsrennoetrroses
1070 1526 1275 1568 urscreueonmr
1296 1525 1323 1564 ne

732 1599 819 1638 smus
835 1600 973 1639 nnrssrus
991 1585 1093 1638 Donum
1111 1600 1145 1637 er
1172 1598 1320 1639 cossurus·

731 1673 819 1711 mosis
836 1672 937 1712 seeum.
955 1685 988 1695 —
1007 1656 1039 1710 Et
1056 1653 1172 1710 radens
1194 1655 1319 1711 Dominus

731 1725 793 1797 ipsa
808 1728 853 1782 die
868 1741 931 1782 eum
955 1725 1106 1798 discipulis
1124 1726 1179 1782 ivit
1206 1730 1234 1782 in
1250 1741 1319 1781 mon-

731 1804 789 1854 tem
802 1798 913 1856 Oliveti.
932 1802 974 1861 lit,
996 1815 1057 1853 eum
1084 1799 1196 1853 soteres
1208 1802 1238 1853 in
1253 1797 1318 1853 dicto

730 1878 819 1926 inante
846 1870 988 1927 Olit'arum
1012 1876 1110 1925 eontra
1136 1872 1281 1942 templum.
1297 1868 1321 1924 in

730 1940 1321 2014 loconblposteaconstructaeatocctesb

730 2013 924 2086 interrogatur
945 2016 979 2071 ab
1005 2030 1047 2070 eis
1072 2014 1109 2069 de
1130 2019 1264 2086 temporo
1279 2013 1323 2068 de-

730 2085 896 2142 structionis
922 2087 1082 2142 Jerusalem
1101 2092 1132 2143 et
1157 2086 1277 2154 templi,
1299 2092 1324 2140 et

732 2159 766 2214 de
783 2159 862 2227 signo
879 2158 1018 2214 abemus
1031 2158 1087 2223 sui,
1102 2163 1131 2213 ct
1145 2173 1323 2214 consumma·

732 2231 815 2286 tionis
832 2231 929 2297 serub,
944 2247 1006 2302 qum
1023 2231 1165 2302 putilmut
1180 2229 1261 2300 sequi
1273 2236 1323 2285 sta-

732 2302 782 2358 tim
799 2302 1021 2359 destructionem
1034 2301 1161 2358 civitotis
1175 2312 1203 2357 et
1217 2300 1323 2374 templi.

732 2377 912 2430 decesserunt
936 2375 1011 2430 enim
1034 2375 1174 2445 discipuli
1199 2376 1238 2429 ad
1270 2390 1326 2428 crim

732 2456 833 2502 secreto
853 2448 973 2502 dieentes
1002 2466 1011 2502 .·
1044 2450 1095 2502 Die
1108 2447 1197 2501 nobis
1217 2446 1324 2518 quondo

734 2520 891 2587 laederent,
907 2525 932 2573 ct
950 2519 1024 2589 quod
1046 2522 1161 2585 siqnum
1191 2521 1324 2573 aduentus

734 2595 776 2646 tui
805 2599 830 2646 et
861 2593 1104 2647 consummationis
1132 2593 1231 2645 seculi.
1264 2592 1323 2646 lstae

735 2662 908 2733 quaestiones
925 2663 1037 2718 luerunt
1051 2661 1077 2717 ei
1090 2662 1174 2718 laotae
1188 2660 1217 2717 iu
1232 2668 1323 2717 monte

735 2735 846 2801 blind,
864 2740 891 2790 et
907 2735 960 2790 boc
971 2733 1195 2801 rationabiliter,
1211 2734 1280 2804 quia
1293 2750 1323 2790 cr

736 2805 1321 2875 illelorotemplumelcititasclarissime

736 2877 878 2945 ridentur,
894 2877 1081 2934 clocca-ione
1106 2878 1196 2949 htq'us
1219 2878 1257 2935 de
1275 2878 1319 2933 de-

736 2950 892 3006 structione
922 2949 960 3006 ibi
993 2948 1131 3021 quaeritur
1155 2967 1163 3015 ;
1192 2948 1323 3005 similiter

736 3027 764 3077 et
786 3023 924 3093 judicium
951 3027 1109 3077 extremum
1125 3020 1256 3078 tuturum
1285 3027 1322 3076 est

736 3093 810 3150 circa
825 3094 903 3151 illum
920 3094 1025 3161 locum,
1044 3095 1107 3148 iden
1121 3093 1322 3149 conuenienter

736 3166 768 3222 sn
788 3166 824 3223 ibi
846 3164 964 3236 questio
989 3165 1025 3222 de
1041 3165 1136 3221 lutura
1154 3165 1275 3236 judicio.
1290 3168 1324 3220 ei

734 3239 900 3310 respondens
927 3241 1015 3301 lesus,
1040 3238 1117 3292 dixit
1142 3240 1207 3292 eis:
1233 3237 1322 3293 Videte

735 3328 769 3366 ne
783 3313 901 3380 quisoos
916 3310 1037 3364 seducet.
1054 3307 1162 3364 Deinde
1180 3309 1245 3365 illos
1263 3307 1324 3364 edo·

736 3382 792 3439 cuit
808 3381 890 3453 signa
904 3380 1117 3464 praedictorum,
1137 3384 1167 3436 et
1182 3397 1232 3436 eos
1253 3380 1323 3461 circa

736 3454 884 3527 quodlibet
909 3470 937 3508 m
953 3452 1122 3508 necessariis
1140 3458 1211 3508 tune
1227 3458 1257 3509 et
1271 3459 1320 3508 uti-

736 3527 809 3583 bbus
822 3526 952 3582 instruxit
967 3546 972 3585 :
989 3540 1040 3580 nec
1056 3523 1170 3580 dicebat
1185 3525 1260 3606 quod
1277 3537 1323 3579 eos

736 3601 808 3653 scire
824 3614 879 3654 nori
891 3595 1069 3668 expediebat.
1080 3598 1117 3651 De
1129 3595 1221 3666 sigon
1230 3596 1322 3660 docet,

736 3671 771 3726 de
787 3676 915 3741 tempore
937 3667 1126 3725 intimandum
1153 3683 1212 3722 non
1227 3672 1320 3738 putat:

737 3742 803 3814 quia
819 3740 989 3797 incertitudo
1000 3738 1136 3805 temporis
1147 3737 1260 3795 inducit
1272 3746 1324 3794 ter-

737 3829 842 3877 rorem,
873 3820 900 3868 ct
932 3815 971 3867 ita
994 3809 1246 3883 preparationem,
1278 3809 1324 3867 sed

738 3885 900 3956 ignorantia
915 3884 1061 3955 signorum
1083 3887 1177 3951 posset
1193 3883 1326 3939 inducere

736 3955 766 4012 in
782 3972 919 4013 errorem.
937 3958 971 4010 Et
991 3952 1119 4026 quamvis
1134 3954 1218 4026 plura
1235 3971 1268 4011 ex
1284 3953 1326 4010 his

737 4027 825 4099 siguis
848 4027 958 4100 possint
972 4027 1071 4083 reterri
1088 4025 1172 4082 simul
1188 4025 1225 4082 ad
1241 4042 1325 4083 ever-

737 4100 847 4158 sionem
862 4099 941 4157 urbis
956 4103 985 4156 et
1000 4098 1108 4171 templi,
1125 4102 1152 4153 et
1168 4098 1206 4180 ad
1220 4096 1325 4155 Christi

738 4173 892 4229 adventum
912 4175 977 4228 ante
989 4175 1266 4227 consummationem
1281 4186 1324 4227 se-

738 4244 794 4301 cuti
812 4261 818 4300 :
833 4244 988 4301 secundum
1004 4242 1080 4300 enim
1093 4244 1324 4312 chrysostomum,

738 4315 880 4374 Dominus
898 4331 956 4372 non
981 4316 1222 4391 separatimque
1244 4313 1327 4388 signa
