<?xml version="1.0" encoding="UTF-8"?>
<!DOCTYPE html PUBLIC "-//W3C//DTD XHTML 1.0 Transitional//EN"
    "http://www.w3.org/TR/xhtml1/DTD/xhtml1-transitional.dtd">
<html xmlns="http://www.w3.org/1999/xhtml" xml:lang="en" lang="en">
 <head>
  <title>
</title>
<meta http-equiv="Content-Type" content="text/html;charset=utf-8" />
  <meta name='ocr-system' content='tesseract 3.04.00' />
  <meta name='ocr-capabilities' content='ocr_page ocr_carea ocr_par ocr_line ocrx_word'/>
</head>
<body>
  <div class='ocr_page' id='page_1' title='image "./vitajesuchristi01ludogoog_0245.png"; bbox 0 0 2820 4928; ppageno 0'>
   <div class='ocr_carea' id='block_1_1' title="bbox 87 334 1005 399">
    <p class='ocr_par' dir='ltr' id='par_1_1' title="bbox 87 334 1005 399">
     <span class='ocr_line' id='line_1_1' title="bbox 87 334 1005 399; baseline 0 -6"><span class='ocrx_word' id='word_1_1' title='bbox 87 334 135 393; x_wconf 74' lang='lat' dir='ltr'><strong>tlt</strong></span> <span class='ocrx_word' id='word_1_2' title='bbox 400 340 558 399; x_wconf 73' lang='lat' dir='ltr'><strong>sscnbbn</strong></span> <span class='ocrx_word' id='word_1_3' title='bbox 585 344 706 399; x_wconf 74' lang='lat' dir='ltr'><strong>etum</strong></span> <span class='ocrx_word' id='word_1_4' title='bbox 733 341 838 398; x_wconf 73' lang='lat' dir='ltr'><strong>dirui</strong></span> <span class='ocrx_word' id='word_1_5' title='bbox 866 338 1005 395; x_wconf 77' lang='lat' dir='ltr'><strong>xxxvl.</strong></span> 
     </span>
    </p>
   </div>
   <div class='ocr_carea' id='block_1_2' title="bbox 83 441 1344 4390">
    <p class='ocr_par' dir='ltr' id='par_1_2' title="bbox 83 441 1344 2891">
     <span class='ocr_line' id='line_1_2' title="bbox 87 441 1312 529; baseline -0.002 -26"><span class='ocrx_word' id='word_1_6' title='bbox 87 458 152 503; x_wconf 85' lang='lat' dir='ltr'><strong>eum</strong></span> <span class='ocrx_word' id='word_1_7' title='bbox 172 441 259 501; x_wconf 84' lang='lat' dir='ltr'><strong>luisse</strong></span> <span class='ocrx_word' id='word_1_8' title='bbox 282 442 438 512; x_wconf 81' lang='lat' dir='ltr'><strong>christum,</strong></span> <span class='ocrx_word' id='word_1_9' title='bbox 465 442 513 529; x_wconf 88' lang='lat' dir='ltr'><strong>qui</strong></span> <span class='ocrx_word' id='word_1_10' title='bbox 536 445 614 503; x_wconf 83' lang='lat' dir='ltr'><strong>venit</strong></span> <span class='ocrx_word' id='word_1_11' title='bbox 641 446 671 504; x_wconf 90' lang='lat' dir='ltr'><strong>in</strong></span> <span class='ocrx_word' id='word_1_12' title='bbox 726 442 989 503; x_wconf 78' lang='lat' dir='ltr'><strong>nondnmllessias</strong></span> <span class='ocrx_word' id='word_1_13' title='bbox 1010 443 1312 516; x_wconf 69' lang='lat' dir='ltr'><strong>nonnumquam</strong></span> 
     </span>
     <span class='ocr_line' id='line_1_3' title="bbox 87 515 1312 590; baseline 0.001 -18"><span class='ocrx_word' id='word_1_14' title='bbox 87 515 236 583; x_wconf 88' lang='lat' dir='ltr'><strong>mundum,</strong></span> <span class='ocrx_word' id='word_1_15' title='bbox 248 522 346 572; x_wconf 87' lang='lat' dir='ltr'><strong>natum</strong></span> <span class='ocrx_word' id='word_1_16' title='bbox 360 532 390 573; x_wconf 84' lang='lat' dir='ltr'><strong>ei·</strong></span> <span class='ocrx_word' id='word_1_17' title='bbox 406 515 540 590; x_wconf 76' lang='lat' dir='ltr'><strong>l&#39;irgrne;</strong></span> <span class='ocrx_word' id='word_1_18' title='bbox 555 519 605 576; x_wconf 90' lang='lat' dir='ltr'><strong>sed</strong></span> <span class='ocrx_word' id='word_1_19' title='bbox 623 518 671 575; x_wconf 86' lang='lat' dir='ltr'><strong>ad·</strong></span> <span class='ocrx_word' id='word_1_20' title='bbox 726 518 763 575; x_wconf 91' lang='lat' dir='ltr'><strong>do</strong></span> <span class='ocrx_word' id='word_1_21' title='bbox 778 533 846 589; x_wconf 78' lang='lat' dir='ltr'><strong>ergo</strong></span> <span class='ocrx_word' id='word_1_22' title='bbox 861 516 1004 575; x_wconf 77' lang='lat' dir='ltr'><strong>Dominus</strong></span> <span class='ocrx_word' id='word_1_23' title='bbox 1018 516 1086 587; x_wconf 87' lang='lat' dir='ltr'><strong>ejus</strong></span> <span class='ocrx_word' id='word_1_24' title='bbox 1102 522 1180 581; x_wconf 83' lang='lat' dir='ltr'><strong>eret,</strong></span> <span class='ocrx_word' id='word_1_25' title='bbox 1195 515 1312 587; x_wconf 82' lang='lat' dir='ltr'><strong>quinon</strong></span> 
     </span>
     <span class='ocr_line' id='line_1_4' title="bbox 85 586 1311 671; baseline 0 -27"><span class='ocrx_word' id='word_1_26' title='bbox 85 586 141 645; x_wconf 86' lang='lat' dir='ltr'><strong>huc</strong></span> <span class='ocrx_word' id='word_1_27' title='bbox 152 592 311 659; x_wconf 76' lang='lat' dir='ltr'><strong>exspectant</strong></span> <span class='ocrx_word' id='word_1_28' title='bbox 324 603 388 644; x_wconf 87' lang='lat' dir='ltr'><strong>enm</strong></span> <span class='ocrx_word' id='word_1_29' title='bbox 399 605 407 656; x_wconf 87' lang='grc'><strong>;</strong></span> <span class='ocrx_word' id='word_1_30' title='bbox 417 590 495 656; x_wconf 85' lang='lat' dir='ltr'><strong>ilem,</strong></span> <span class='ocrx_word' id='word_1_31' title='bbox 506 597 604 647; x_wconf 79' lang='lat' dir='ltr'><strong>errant</strong></span> <span class='ocrx_word' id='word_1_32' title='bbox 618 590 670 646; x_wconf 86' lang='lat' dir='ltr'><strong>rir-</strong></span> <span class='ocrx_word' id='word_1_33' title='bbox 700 622 703 663; x_wconf 86' lang='lat' dir='ltr'><strong>t</strong></span> <span class='ocrx_word' id='word_1_34' title='bbox 727 592 793 647; x_wconf 91' lang='lat' dir='ltr'><strong>dnm</strong></span> <span class='ocrx_word' id='word_1_35' title='bbox 808 596 881 657; x_wconf 88' lang='lat' dir='ltr'><strong>erat,</strong></span> <span class='ocrx_word' id='word_1_36' title='bbox 900 587 1001 671; x_wconf 70' lang='lat' dir='ltr'><strong>etqui</strong></span> <span class='ocrx_word' id='word_1_37' title='bbox 1018 604 1078 645; x_wconf 90' lang='lat' dir='ltr'><strong>non</strong></span> <span class='ocrx_word' id='word_1_38' title='bbox 1098 594 1171 645; x_wconf 84' lang='lat' dir='ltr'><strong>ante</strong></span> <span class='ocrx_word' id='word_1_39' title='bbox 1185 603 1258 653; x_wconf 85' lang='lat' dir='ltr'><strong>eum.</strong></span> <span class='ocrx_word' id='word_1_40' title='bbox 1271 588 1311 644; x_wconf 80' lang='lat' dir='ltr'><strong>ul</strong></span> 
     </span>
     <span class='ocr_line' id='line_1_5' title="bbox 87 660 1312 734; baseline -0.001 -18"><span class='ocrx_word' id='word_1_41' title='bbox 87 675 121 716; x_wconf 82' lang='lat' dir='ltr'><strong>nn</strong></span> <span class='ocrx_word' id='word_1_42' title='bbox 138 675 200 724; x_wconf 76' lang='lat' dir='ltr'><strong>erus</strong></span> <span class='ocrx_word' id='word_1_43' title='bbox 226 665 366 728; x_wconf 85' lang='lat' dir='ltr'><strong>naturam,</strong></span> <span class='ocrx_word' id='word_1_44' title='bbox 383 660 450 731; x_wconf 84' lang='lat' dir='ltr'><strong>quia</strong></span> <span class='ocrx_word' id='word_1_45' title='bbox 468 678 524 718; x_wconf 90' lang='lat' dir='ltr'><strong>non</strong></span> <span class='ocrx_word' id='word_1_46' title='bbox 552 662 671 719; x_wconf 77' lang='lat' dir='ltr'><strong>erodunt</strong></span> <span class='ocrx_word' id='word_1_47' title='bbox 699 694 702 713; x_wconf 61' lang='grc' dir='ltr'>ι</span> <span class='ocrx_word' id='word_1_48' title='bbox 726 667 862 734; x_wconf 89' lang='lat' dir='ltr'><strong>pnsteum</strong></span> <span class='ocrx_word' id='word_1_49' title='bbox 875 660 998 717; x_wconf 84' lang='lat' dir='ltr'><strong>exstitit?</strong></span> <span class='ocrx_word' id='word_1_50' title='bbox 1012 661 1312 732; x_wconf 68' lang='lat' dir='ltr'><strong>Ergooportstponere</strong></span> 
     </span>
     <span class='ocr_line' id='line_1_6' title="bbox 88 720 1312 802; baseline 0 -15"><span class='ocrx_word' id='word_1_51' title='bbox 88 730 173 787; x_wconf 87' lang='lat' dir='ltr'><strong>etiam</strong></span> <span class='ocrx_word' id='word_1_52' title='bbox 187 746 271 801; x_wconf 84' lang='lat' dir='ltr'><strong>quem</strong></span> <span class='ocrx_word' id='word_1_53' title='bbox 286 739 460 801; x_wconf 65' lang='lat' dir='ltr'><strong>exspes-tunt,</strong></span> <span class='ocrx_word' id='word_1_54' title='bbox 482 749 544 790; x_wconf 86' lang='lat' dir='ltr'><strong>esse</strong></span> <span class='ocrx_word' id='word_1_55' title='bbox 570 735 669 802; x_wconf 83' lang='lat' dir='ltr'><strong>Dentri,</strong></span> <span class='ocrx_word' id='word_1_56' title='bbox 699 720 703 783; x_wconf 77' lang='lat' dir='ltr'><strong>l</strong></span> <span class='ocrx_word' id='word_1_57' title='bbox 726 732 812 791; x_wconf 91' lang='lat' dir='ltr'><strong>aliam</strong></span> <span class='ocrx_word' id='word_1_58' title='bbox 825 731 1150 792; x_wconf 85' lang='lat' dir='ltr'><strong>naturamsecundum</strong></span> <span class='ocrx_word' id='word_1_59' title='bbox 1164 738 1312 802; x_wconf 80' lang='lat' dir='ltr'><strong>quainenle</strong></span> 
     </span>
     <span class='ocr_line' id='line_1_7' title="bbox 86 798 1313 876; baseline 0.002 -19"><span class='ocrx_word' id='word_1_60' title='bbox 86 801 136 858; x_wconf 89' lang='lat' dir='ltr'><strong>sed</strong></span> <span class='ocrx_word' id='word_1_61' title='bbox 148 818 248 873; x_wconf 90' lang='lat' dir='ltr'><strong>purum</strong></span> <span class='ocrx_word' id='word_1_62' title='bbox 262 802 417 860; x_wconf 72' lang='lat' dir='ltr'><strong>bominum.</strong></span> <span class='ocrx_word' id='word_1_63' title='bbox 431 807 470 863; x_wconf 84' lang='lat' dir='ltr'><strong>De</strong></span> <span class='ocrx_word' id='word_1_64' title='bbox 481 803 534 862; x_wconf 86' lang='lat' dir='ltr'><strong>isto</strong></span> <span class='ocrx_word' id='word_1_65' title='bbox 546 805 670 862; x_wconf 84' lang='lat' dir='ltr'><strong>secundo</strong></span> <span class='ocrx_word' id='word_1_66' title='bbox 699 798 702 845; x_wconf 61' lang='lat'><em>³</em></span> <span class='ocrx_word' id='word_1_67' title='bbox 726 821 790 862; x_wconf 93' lang='lat' dir='ltr'><strong>eum</strong></span> <span class='ocrx_word' id='word_1_68' title='bbox 804 809 876 862; x_wconf 83' lang='lat' dir='ltr'><strong>erat.</strong></span> <span class='ocrx_word' id='word_1_69' title='bbox 892 836 926 846; x_wconf 86' lang='lat'><em>-</em></span> <span class='ocrx_word' id='word_1_70' title='bbox 937 804 1036 861; x_wconf 84' lang='lat' dir='ltr'><strong>&#39;lertio</strong></span> <span class='ocrx_word' id='word_1_71' title='bbox 1046 805 1197 876; x_wconf 84' lang='lat' dir='ltr'><strong>probatur</strong></span> <span class='ocrx_word' id='word_1_72' title='bbox 1210 804 1313 860; x_wconf 81' lang='lat' dir='ltr'><strong>idemex</strong></span> 
     </span>
     <span class='ocr_line' id='line_1_8' title="bbox 86 860 1313 948; baseline 0 -18"><span class='ocrx_word' id='word_1_73' title='bbox 86 889 184 930; x_wconf 89' lang='lat' dir='ltr'><strong>errore</strong></span> <span class='ocrx_word' id='word_1_74' title='bbox 199 890 248 932; x_wconf 87' lang='lat' dir='ltr'><strong>eos</strong></span> <span class='ocrx_word' id='word_1_75' title='bbox 258 873 426 947; x_wconf 80' lang='lat' dir='ltr'><strong>interrogat,</strong></span> <span class='ocrx_word' id='word_1_76' title='bbox 441 877 521 948; x_wconf 88' lang='lat' dir='ltr'><strong>rnjns</strong></span> <span class='ocrx_word' id='word_1_77' title='bbox 534 877 609 934; x_wconf 86' lang='lat' dir='ltr'><strong>tilius</strong></span> <span class='ocrx_word' id='word_1_78' title='bbox 622 877 669 940; x_wconf 87' lang='lat' dir='ltr'><strong>sit.</strong></span> <span class='ocrx_word' id='word_1_79' title='bbox 699 860 703 911; x_wconf 69' lang='lat'><strong>¹</strong></span> <span class='ocrx_word' id='word_1_80' title='bbox 726 878 790 939; x_wconf 82' lang='lat' dir='ltr'><strong>boe.</strong></span> <span class='ocrx_word' id='word_1_81' title='bbox 806 877 882 947; x_wconf 87' lang='lat' dir='ltr'><strong>quod</strong></span> <span class='ocrx_word' id='word_1_82' title='bbox 897 876 1051 945; x_wconf 86' lang='lat' dir='ltr'><strong>sequitur:</strong></span> <span class='ocrx_word' id='word_1_83' title='bbox 1069 877 1147 934; x_wconf 83' lang='lat' dir='ltr'><strong>Sede</strong></span> <span class='ocrx_word' id='word_1_84' title='bbox 1169 876 1313 931; x_wconf 75' lang='lat' dir='ltr'><strong>adelerio</strong></span> 
     </span>
     <span class='ocr_line' id='line_1_9' title="bbox 86 944 1314 1020; baseline -0.001 -17"><span class='ocrx_word' id='word_1_85' title='bbox 86 949 115 1003; x_wconf 89' lang='lat' dir='ltr'><strong>el</strong></span> <span class='ocrx_word' id='word_1_86' title='bbox 129 945 183 1002; x_wconf 88' lang='lat' dir='ltr'><strong>boe</strong></span> <span class='ocrx_word' id='word_1_87' title='bbox 195 944 259 1003; x_wconf 87' lang='lat' dir='ltr'><strong>iden</strong></span> <span class='ocrx_word' id='word_1_88' title='bbox 275 948 347 1004; x_wconf 88' lang='lat' dir='ltr'><strong>lorte</strong></span> <span class='ocrx_word' id='word_1_89' title='bbox 360 947 473 1018; x_wconf 76' lang='lat' dir='ltr'><strong>querit,</strong></span> <span class='ocrx_word' id='word_1_90' title='bbox 485 948 552 1018; x_wconf 83' lang='lat' dir='ltr'><strong>quia</strong></span> <span class='ocrx_word' id='word_1_91' title='bbox 565 965 599 1005; x_wconf 84' lang='lat' dir='ltr'><strong>er</strong></span> <span class='ocrx_word' id='word_1_92' title='bbox 614 965 670 1020; x_wconf 82' lang='lat' dir='ltr'><strong>qno</strong></span> <span class='ocrx_word' id='word_1_93' title='bbox 725 951 801 1008; x_wconf 73' lang='lat' dir='ltr'><strong>mdo.</strong></span> <span class='ocrx_word' id='word_1_94' title='bbox 819 947 996 1020; x_wconf 89' lang='lat' dir='ltr'><strong>impossibile</strong></span> <span class='ocrx_word' id='word_1_95' title='bbox 1005 956 1050 1005; x_wconf 88' lang='lat' dir='ltr'><strong>est</strong></span> <span class='ocrx_word' id='word_1_96' title='bbox 1062 947 1146 1004; x_wconf 87' lang='lat' dir='ltr'><strong>enim</strong></span> <span class='ocrx_word' id='word_1_97' title='bbox 1156 963 1259 1019; x_wconf 89' lang='lat' dir='ltr'><strong>purum</strong></span> <span class='ocrx_word' id='word_1_98' title='bbox 1271 947 1314 1003; x_wconf 78' lang='lat' dir='ltr'><strong>bn</strong></span> 
     </span>
     <span class='ocr_line' id='line_1_10' title="bbox 85 1017 1314 1092; baseline -0.001 -18"><span class='ocrx_word' id='word_1_99' title='bbox 85 1020 177 1075; x_wconf 89' lang='lat' dir='ltr'><strong>lotam</strong></span> <span class='ocrx_word' id='word_1_100' title='bbox 192 1020 292 1090; x_wconf 75' lang='lat' dir='ltr'><strong>Legem</strong></span> <span class='ocrx_word' id='word_1_101' title='bbox 307 1019 449 1076; x_wconf 81' lang='lat' dir='ltr'><strong>direxerat</strong></span> <span class='ocrx_word' id='word_1_102' title='bbox 462 1020 498 1076; x_wconf 95' lang='lat' dir='ltr'><strong>ad</strong></span> <span class='ocrx_word' id='word_1_103' title='bbox 517 1022 573 1078; x_wconf 92' lang='lat' dir='ltr'><strong>duo</strong></span> <span class='ocrx_word' id='word_1_104' title='bbox 589 1037 670 1078; x_wconf 91' lang='lat' dir='ltr'><strong>man·</strong></span> <span class='ocrx_word' id='word_1_105' title='bbox 728 1020 833 1077; x_wconf 85' lang='lat' dir='ltr'><strong>minem</strong></span> <span class='ocrx_word' id='word_1_106' title='bbox 856 1019 956 1076; x_wconf 86' lang='lat' dir='ltr'><strong>sedere</strong></span> <span class='ocrx_word' id='word_1_107' title='bbox 979 1037 997 1074; x_wconf 84' lang='lat' dir='ltr'><strong>a</strong></span> <span class='ocrx_word' id='word_1_108' title='bbox 1017 1019 1150 1092; x_wconf 77' lang='lat' dir='ltr'><strong>dexteris</strong></span> <span class='ocrx_word' id='word_1_109' title='bbox 1164 1017 1227 1076; x_wconf 85' lang='lat' dir='ltr'><strong>[lei.</strong></span> <span class='ocrx_word' id='word_1_110' title='bbox 1246 1018 1314 1075; x_wconf 82' lang='lat' dir='ltr'><strong>Dicet</strong></span> 
     </span>
     <span class='ocr_line' id='line_1_11' title="bbox 85 1089 1316 1165; baseline -0.002 -19"><span class='ocrx_word' id='word_1_111' title='bbox 85 1089 153 1146; x_wconf 88' lang='lat' dir='ltr'><strong>data</strong></span> <span class='ocrx_word' id='word_1_112' title='bbox 172 1089 342 1160; x_wconf 79' lang='lat' dir='ltr'><strong>dilectionis,</strong></span> <span class='ocrx_word' id='word_1_113' title='bbox 367 1099 513 1163; x_wconf 75' lang='lat' dir='ltr'><strong>tamquam</strong></span> <span class='ocrx_word' id='word_1_114' title='bbox 537 1093 671 1149; x_wconf 75' lang='lat' dir='ltr'><strong>artillcin</strong></span> <span class='ocrx_word' id='word_1_115' title='bbox 700 1126 703 1149; x_wconf 87' lang='lat' dir='ltr'><strong>t</strong></span> <span class='ocrx_word' id='word_1_116' title='bbox 727 1108 795 1165; x_wconf 83' lang='lat' dir='ltr'><strong>ergo</strong></span> <span class='ocrx_word' id='word_1_117' title='bbox 814 1091 901 1149; x_wconf 80' lang='lat' dir='ltr'><strong>David</strong></span> <span class='ocrx_word' id='word_1_118' title='bbox 921 1109 928 1147; x_wconf 93' lang='lat'><strong>:</strong></span> <span class='ocrx_word' id='word_1_119' title='bbox 945 1093 1028 1147; x_wconf 64' lang='lat' dir='ltr'><strong>nuit</strong></span> <span class='ocrx_word' id='word_1_120' title='bbox 1046 1094 1198 1159; x_wconf 80' lang='lat' dir='ltr'><strong>Dominus,</strong></span> <span class='ocrx_word' id='word_1_121' title='bbox 1219 1090 1316 1147; x_wconf 82' lang='lat' dir='ltr'><strong>scilieet</strong></span> 
     </span>
     <span class='ocr_line' id='line_1_12' title="bbox 86 1161 1315 1233; baseline -0.001 -15"><span class='ocrx_word' id='word_1_122' title='bbox 86 1176 135 1219; x_wconf 84' lang='lat' dir='ltr'><strong>sus</strong></span> <span class='ocrx_word' id='word_1_123' title='bbox 162 1161 318 1233; x_wconf 78' lang='lat' dir='ltr'><strong>legislator,</strong></span> <span class='ocrx_word' id='word_1_124' title='bbox 341 1166 400 1219; x_wconf 81' lang='lat' dir='ltr'><strong>rull</strong></span> <span class='ocrx_word' id='word_1_125' title='bbox 418 1164 569 1222; x_wconf 72' lang='lat' dir='ltr'>ostendere</span> <span class='ocrx_word' id='word_1_126' title='bbox 589 1163 671 1222; x_wconf 89' lang='lat' dir='ltr'><strong>Chri·</strong></span> <span class='ocrx_word' id='word_1_127' title='bbox 728 1166 802 1222; x_wconf 78' lang='lat' dir='ltr'><strong>brus</strong></span> <span class='ocrx_word' id='word_1_128' title='bbox 842 1165 936 1232; x_wconf 83' lang='lat' dir='ltr'><strong>Pater,</strong></span> <span class='ocrx_word' id='word_1_129' title='bbox 963 1165 1084 1219; x_wconf 76' lang='lat' dir='ltr'><strong>domiuo</strong></span> <span class='ocrx_word' id='word_1_130' title='bbox 1119 1178 1191 1227; x_wconf 84' lang='lat' dir='ltr'><strong>men,</strong></span> <span class='ocrx_word' id='word_1_131' title='bbox 1226 1162 1255 1218; x_wconf 90' lang='lat' dir='ltr'><strong>id</strong></span> <span class='ocrx_word' id='word_1_132' title='bbox 1279 1167 1315 1217; x_wconf 83' lang='lat' dir='ltr'><strong>est</strong></span> 
     </span>
     <span class='ocr_line' id='line_1_13' title="bbox 86 1234 1315 1306; baseline -0.001 -16"><span class='ocrx_word' id='word_1_133' title='bbox 86 1235 235 1303; x_wconf 78' lang='lat' dir='ltr'><strong>stus‚h‹‘ec</strong></span> <span class='ocrx_word' id='word_1_134' title='bbox 261 1235 319 1292; x_wconf 90' lang='lat' dir='ltr'><strong>dun</strong></span> <span class='ocrx_word' id='word_1_135' title='bbox 347 1236 493 1299; x_wconf 87' lang='lat' dir='ltr'><strong>mandata,</strong></span> <span class='ocrx_word' id='word_1_136' title='bbox 518 1236 614 1293; x_wconf 80' lang='lat' dir='ltr'><strong>reduci</strong></span> <span class='ocrx_word' id='word_1_137' title='bbox 642 1236 671 1293; x_wconf 94' lang='lat' dir='ltr'><strong>in</strong></span> <span class='ocrx_word' id='word_1_138' title='bbox 728 1235 837 1293; x_wconf 86' lang='lat' dir='ltr'><strong>Clrrislo</strong></span> <span class='ocrx_word' id='word_1_139' title='bbox 863 1234 933 1291; x_wconf 85' lang='lat' dir='ltr'><strong>Filio</strong></span> <span class='ocrx_word' id='word_1_140' title='bbox 960 1234 1131 1306; x_wconf 70' lang='lat' dir='ltr'><strong>eumenius</strong></span> <span class='ocrx_word' id='word_1_141' title='bbox 1159 1234 1256 1290; x_wconf 81' lang='lat' dir='ltr'>dicere</span> <span class='ocrx_word' id='word_1_142' title='bbox 1279 1239 1315 1289; x_wconf 89' lang='lat' dir='ltr'><strong>est</strong></span> 
     </span>
     <span class='ocr_line' id='line_1_14' title="bbox 85 1305 1314 1379; baseline -0.002 -17"><span class='ocrx_word' id='word_1_143' title='bbox 85 1321 176 1362; x_wconf 92' lang='lat' dir='ltr'><strong>unum</strong></span> <span class='ocrx_word' id='word_1_144' title='bbox 191 1305 339 1378; x_wconf 79' lang='lat' dir='ltr'><strong>diligibile.</strong></span> <span class='ocrx_word' id='word_1_145' title='bbox 360 1306 436 1379; x_wconf 83' lang='lat' dir='ltr'><strong>quod</strong></span> <span class='ocrx_word' id='word_1_146' title='bbox 464 1313 508 1364; x_wconf 87' lang='lat' dir='ltr'><strong>est</strong></span> <span class='ocrx_word' id='word_1_147' title='bbox 533 1307 671 1366; x_wconf 85' lang='lat' dir='ltr'><strong>Christus.</strong></span> <span class='ocrx_word' id='word_1_148' title='bbox 729 1309 867 1378; x_wconf 83' lang='lat' dir='ltr'><strong>aequalem</strong></span> <span class='ocrx_word' id='word_1_149' title='bbox 882 1305 936 1362; x_wconf 91' lang='lat' dir='ltr'><strong>sibi</strong></span> <span class='ocrx_word' id='word_1_150' title='bbox 949 1305 1050 1362; x_wconf 85' lang='lat' dir='ltr'><strong>Filium</strong></span> <span class='ocrx_word' id='word_1_151' title='bbox 1065 1321 1228 1379; x_wconf 60' lang='lat' dir='ltr'><strong>generem</strong></span> <span class='ocrx_word' id='word_1_152' title='bbox 1244 1321 1314 1376; x_wconf 80' lang='lat' dir='ltr'><strong>ergo.</strong></span> 
     </span>
     <span class='ocr_line' id='line_1_15' title="bbox 85 1375 1315 1461; baseline 0.004 -27"><span class='ocrx_word' id='word_1_153' title='bbox 85 1377 161 1435; x_wconf 85' lang='lat' dir='ltr'><strong>ilibil</strong></span> <span class='ocrx_word' id='word_1_154' title='bbox 187 1378 264 1435; x_wconf 91' lang='lat' dir='ltr'><strong>enim</strong></span> <span class='ocrx_word' id='word_1_155' title='bbox 285 1378 414 1461; x_wconf 73' lang='lat' dir='ltr'><strong>diligitur</strong></span> <span class='ocrx_word' id='word_1_156' title='bbox 435 1387 578 1451; x_wconf 77' lang='lat' dir='ltr'><strong>tamquam</strong></span> <span class='ocrx_word' id='word_1_157' title='bbox 600 1383 673 1437; x_wconf 87' lang='lat' dir='ltr'><strong>Deus</strong></span> <span class='ocrx_word' id='word_1_158' title='bbox 730 1378 849 1436; x_wconf 71' lang='lat' dir='ltr'><strong>Diimino</strong></span> <span class='ocrx_word' id='word_1_159' title='bbox 871 1394 946 1441; x_wconf 81' lang='lat' dir='ltr'><strong>men,</strong></span> <span class='ocrx_word' id='word_1_160' title='bbox 974 1393 1032 1433; x_wconf 78' lang='lat' dir='ltr'><strong>non</strong></span> <span class='ocrx_word' id='word_1_161' title='bbox 1057 1377 1223 1434; x_wconf 66' lang='lat' dir='ltr'><strong>secundum</strong></span> <span class='ocrx_word' id='word_1_162' title='bbox 1250 1375 1315 1449; x_wconf 78' lang='lat' dir='ltr'><strong>quod</strong></span> 
     </span>
     <span class='ocr_line' id='line_1_16' title="bbox 86 1448 1314 1522; baseline -0.002 -17"><span class='ocrx_word' id='word_1_163' title='bbox 86 1450 282 1520; x_wconf 65' lang='lat' dir='ltr'><strong>eluerimus,</strong></span> <span class='ocrx_word' id='word_1_164' title='bbox 296 1450 350 1506; x_wconf 85' lang='lat' dir='ltr'><strong>nisi</strong></span> <span class='ocrx_word' id='word_1_165' title='bbox 364 1450 423 1519; x_wconf 85' lang='lat' dir='ltr'><strong>ipse</strong></span> <span class='ocrx_word' id='word_1_166' title='bbox 438 1452 567 1508; x_wconf 83' lang='lat' dir='ltr'><strong>Christus</strong></span> <span class='ocrx_word' id='word_1_167' title='bbox 581 1452 671 1522; x_wconf 90' lang='lat' dir='ltr'><strong>dupli·</strong></span> <span class='ocrx_word' id='word_1_168' title='bbox 729 1451 924 1522; x_wconf 73' lang='lat' dir='ltr'><strong>temporaliter</strong></span> <span class='ocrx_word' id='word_1_169' title='bbox 936 1450 1022 1506; x_wconf 89' lang='lat' dir='ltr'><strong>homo</strong></span> <span class='ocrx_word' id='word_1_170' title='bbox 1033 1448 1131 1506; x_wconf 86' lang='lat' dir='ltr'><strong>laetus</strong></span> <span class='ocrx_word' id='word_1_171' title='bbox 1145 1455 1203 1515; x_wconf 87' lang='lat' dir='ltr'><strong>est,</strong></span> <span class='ocrx_word' id='word_1_172' title='bbox 1216 1464 1263 1506; x_wconf 84' lang='lat' dir='ltr'><strong>seo</strong></span> <span class='ocrx_word' id='word_1_173' title='bbox 1278 1464 1314 1503; x_wconf 82' lang='lat' dir='ltr'><strong>se-</strong></span> 
     </span>
     <span class='ocr_line' id='line_1_17' title="bbox 87 1519 1313 1594; baseline -0.003 -16"><span class='ocrx_word' id='word_1_174' title='bbox 87 1536 149 1579; x_wconf 85' lang='lat' dir='ltr'><strong>cem</strong></span> <span class='ocrx_word' id='word_1_175' title='bbox 164 1523 273 1579; x_wconf 87' lang='lat' dir='ltr'><strong>babens</strong></span> <span class='ocrx_word' id='word_1_176' title='bbox 290 1527 420 1579; x_wconf 86' lang='lat' dir='ltr'><strong>naturam</strong></span> <span class='ocrx_word' id='word_1_177' title='bbox 436 1521 465 1577; x_wconf 90' lang='lat' dir='ltr'><strong>in</strong></span> <span class='ocrx_word' id='word_1_178' title='bbox 480 1522 587 1578; x_wconf 87' lang='lat' dir='ltr'><strong>unitate</strong></span> <span class='ocrx_word' id='word_1_179' title='bbox 604 1540 674 1594; x_wconf 93' lang='lat' dir='ltr'><strong>per·</strong></span> <span class='ocrx_word' id='word_1_180' title='bbox 729 1524 856 1580; x_wconf 87' lang='lat' dir='ltr'><strong>cundum</strong></span> <span class='ocrx_word' id='word_1_181' title='bbox 870 1521 947 1592; x_wconf 88' lang='lat' dir='ltr'><strong>quod</strong></span> <span class='ocrx_word' id='word_1_182' title='bbox 964 1520 1057 1577; x_wconf 85' lang='lat' dir='ltr'><strong>Petris</strong></span> <span class='ocrx_word' id='word_1_183' title='bbox 1073 1527 1206 1578; x_wconf 83' lang='lat' dir='ltr'><strong>aeiernus</strong></span> <span class='ocrx_word' id='word_1_184' title='bbox 1224 1519 1313 1576; x_wconf 83' lang='lat' dir='ltr'><strong>Filius:</strong></span> 
     </span>
     <span class='ocr_line' id='line_1_18' title="bbox 87 1591 1315 1676; baseline -0.003 -26"><span class='ocrx_word' id='word_1_185' title='bbox 87 1608 166 1650; x_wconf 82' lang='lat' dir='ltr'><strong>sonae</strong></span> <span class='ocrx_word' id='word_1_186' title='bbox 188 1597 288 1649; x_wconf 80' lang='lat' dir='ltr'><strong>llieuat</strong></span> <span class='ocrx_word' id='word_1_187' title='bbox 300 1596 343 1648; x_wconf 84' lang='lat' dir='ltr'><strong>ei:</strong></span> <span class='ocrx_word' id='word_1_188' title='bbox 355 1594 456 1653; x_wconf 83' lang='lat' dir='ltr'><strong>lluuid.</strong></span> <span class='ocrx_word' id='word_1_189' title='bbox 470 1595 626 1650; x_wconf 88' lang='lat' dir='ltr'><strong>secundum</strong></span> <span class='ocrx_word' id='word_1_190' title='bbox 640 1595 673 1651; x_wconf 91' lang='lat' dir='ltr'><strong>ll·</strong></span> <span class='ocrx_word' id='word_1_191' title='bbox 730 1596 800 1654; x_wconf 84' lang='lat' dir='ltr'><strong>Sede</strong></span> <span class='ocrx_word' id='word_1_192' title='bbox 815 1595 921 1676; x_wconf 76' lang='lat' dir='ltr'><strong>quiete.</strong></span> <span class='ocrx_word' id='word_1_193' title='bbox 943 1591 1023 1665; x_wconf 79' lang='lat' dir='ltr'><strong>regni</strong></span> <span class='ocrx_word' id='word_1_194' title='bbox 1039 1592 1164 1664; x_wconf 87' lang='lat' dir='ltr'><strong>potitus,</strong></span> <span class='ocrx_word' id='word_1_195' title='bbox 1180 1609 1199 1648; x_wconf 89' lang='lat' dir='ltr'><strong>u</strong></span> <span class='ocrx_word' id='word_1_196' title='bbox 1218 1593 1315 1648; x_wconf 70' lang='lat' dir='ltr'><strong>deutris</strong></span> 
     </span>
     <span class='ocr_line' id='line_1_19' title="bbox 87 1663 1314 1734; baseline -0.002 -13"><span class='ocrx_word' id='word_1_197' title='bbox 87 1663 136 1721; x_wconf 95' lang='lat' dir='ltr'><strong>lud</strong></span> <span class='ocrx_word' id='word_1_198' title='bbox 152 1664 328 1720; x_wconf 74' lang='lat' dir='ltr'><strong>Psalmistre:</strong></span> <span class='ocrx_word' id='word_1_199' title='bbox 347 1667 385 1720; x_wconf 83' lang='lat' dir='ltr'><strong>De</strong></span> <span class='ocrx_word' id='word_1_200' title='bbox 399 1666 494 1732; x_wconf 73' lang='lat' dir='ltr'><strong>fructu</strong></span> <span class='ocrx_word' id='word_1_201' title='bbox 510 1669 615 1721; x_wconf 71' lang='lat' dir='ltr'><strong>ventiis</strong></span> <span class='ocrx_word' id='word_1_202' title='bbox 632 1669 675 1721; x_wconf 84' lang='lat' dir='ltr'><strong>tui</strong></span> <span class='ocrx_word' id='word_1_203' title='bbox 730 1670 808 1733; x_wconf 80' lang='lat' dir='ltr'><strong>meis,</strong></span> <span class='ocrx_word' id='word_1_204' title='bbox 824 1665 853 1722; x_wconf 93' lang='lat' dir='ltr'><strong>1d</strong></span> <span class='ocrx_word' id='word_1_205' title='bbox 871 1670 915 1721; x_wconf 91' lang='lat' dir='ltr'><strong>est</strong></span> <span class='ocrx_word' id='word_1_206' title='bbox 931 1663 959 1721; x_wconf 92' lang='lat' dir='ltr'><strong>in</strong></span> <span class='ocrx_word' id='word_1_207' title='bbox 984 1664 1154 1734; x_wconf 80' lang='lat' dir='ltr'><strong>aequalitate</strong></span> <span class='ocrx_word' id='word_1_208' title='bbox 1179 1681 1255 1732; x_wconf 82' lang='lat' dir='ltr'><strong>mea,</strong></span> <span class='ocrx_word' id='word_1_209' title='bbox 1272 1678 1314 1719; x_wconf 84' lang='lat' dir='ltr'><strong>se·</strong></span> 
     </span>
     <span class='ocr_line' id='line_1_20' title="bbox 83 1734 1316 1819; baseline -0.002 -28"><span class='ocrx_word' id='word_1_210' title='bbox 83 1751 187 1819; x_wconf 84' lang='lat' dir='ltr'><strong>ponam</strong></span> <span class='ocrx_word' id='word_1_211' title='bbox 204 1750 286 1806; x_wconf 77' lang='lat' dir='ltr'><strong>super</strong></span> <span class='ocrx_word' id='word_1_212' title='bbox 301 1736 391 1791; x_wconf 80' lang='lat' dir='ltr'><strong>sedem</strong></span> <span class='ocrx_word' id='word_1_213' title='bbox 410 1740 496 1790; x_wconf 88' lang='lat' dir='ltr'><strong>tuum.</strong></span> <span class='ocrx_word' id='word_1_214' title='bbox 515 1736 675 1794; x_wconf 80' lang='lat' dir='ltr'><strong>Credebant</strong></span> <span class='ocrx_word' id='word_1_215' title='bbox 731 1739 854 1797; x_wconf 77' lang='lat' dir='ltr'><strong>nundum</strong></span> <span class='ocrx_word' id='word_1_216' title='bbox 869 1737 947 1808; x_wconf 88' lang='lat' dir='ltr'><strong>quod</strong></span> <span class='ocrx_word' id='word_1_217' title='bbox 966 1738 1058 1805; x_wconf 86' lang='lat' dir='ltr'><strong>Dens;</strong></span> <span class='ocrx_word' id='word_1_218' title='bbox 1080 1736 1136 1805; x_wconf 86' lang='lat' dir='ltr'><strong>rel,</strong></span> <span class='ocrx_word' id='word_1_219' title='bbox 1154 1735 1187 1793; x_wconf 94' lang='lat' dir='ltr'><strong>in</strong></span> <span class='ocrx_word' id='word_1_220' title='bbox 1208 1734 1316 1809; x_wconf 85' lang='lat' dir='ltr'><strong>potiori·</strong></span> 
     </span>
     <span class='ocr_line' id='line_1_21' title="bbox 87 1805 1315 1880; baseline -0.001 -15"><span class='ocrx_word' id='word_1_221' title='bbox 87 1805 674 1880; x_wconf 79' lang='lat' dir='ltr'><strong>illumiorepurumhominem,degrnere</strong></span> <span class='ocrx_word' id='word_1_222' title='bbox 730 1809 785 1867; x_wconf 90' lang='lat' dir='ltr'><strong>bus</strong></span> <span class='ocrx_word' id='word_1_223' title='bbox 815 1807 907 1869; x_wconf 84' lang='lat' dir='ltr'><strong>bonis.</strong></span> <span class='ocrx_word' id='word_1_224' title='bbox 938 1808 1096 1864; x_wconf 86' lang='lat' dir='ltr'><strong>seeundum</strong></span> <span class='ocrx_word' id='word_1_225' title='bbox 1121 1807 1202 1878; x_wconf 75' lang='lat' dir='ltr'><strong>quiid</strong></span> <span class='ocrx_word' id='word_1_226' title='bbox 1229 1809 1315 1865; x_wconf 86' lang='lat' dir='ltr'><strong>bomo.</strong></span> 
     </span>
     <span class='ocr_line' id='line_1_22' title="bbox 87 1877 1315 1952; baseline -0.005 -14"><span class='ocrx_word' id='word_1_227' title='bbox 87 1878 270 1947; x_wconf 80' lang='lat' dir='ltr'><strong>David‚unde</strong></span> <span class='ocrx_word' id='word_1_228' title='bbox 281 1879 380 1935; x_wconf 77' lang='lat' dir='ltr'><strong>dieunt</strong></span> <span class='ocrx_word' id='word_1_229' title='bbox 389 1877 476 1935; x_wconf 83' lang='lat' dir='ltr'><strong>David</strong></span> <span class='ocrx_word' id='word_1_230' title='bbox 487 1880 591 1947; x_wconf 83' lang='lat' dir='ltr'><strong>solum,</strong></span> <span class='ocrx_word' id='word_1_231' title='bbox 602 1880 674 1937; x_wconf 82' lang='lat' dir='ltr'><strong>scili·</strong></span> <span class='ocrx_word' id='word_1_232' title='bbox 752 1880 810 1945; x_wconf 85' lang='lat' dir='ltr'><strong>uia,</strong></span> <span class='ocrx_word' id='word_1_233' title='bbox 823 1878 902 1937; x_wconf 80' lang='lat' dir='ltr'><strong>utsii</strong></span> <span class='ocrx_word' id='word_1_234' title='bbox 916 1878 944 1936; x_wconf 93' lang='lat' dir='ltr'><strong>in</strong></span> <span class='ocrx_word' id='word_1_235' title='bbox 958 1879 1049 1951; x_wconf 80' lang='lat' dir='ltr'><strong>gloria</strong></span> <span class='ocrx_word' id='word_1_236' title='bbox 1066 1885 1173 1947; x_wconf 77' lang='lat' dir='ltr'><strong>praerst</strong></span> <span class='ocrx_word' id='word_1_237' title='bbox 1188 1878 1315 1952; x_wconf 74' lang='lat' dir='ltr'><strong>Angelis;</strong></span> 
     </span>
     <span class='ocr_line' id='line_1_23' title="bbox 87 1949 1316 2023; baseline -0.002 -14"><span class='ocrx_word' id='word_1_238' title='bbox 87 1950 320 2009; x_wconf 80' lang='lat' dir='ltr'><strong>eetdrvinltatem</strong></span> <span class='ocrx_word' id='word_1_239' title='bbox 331 1949 384 2022; x_wconf 87' lang='lat' dir='ltr'><strong>ipsi</strong></span> <span class='ocrx_word' id='word_1_240' title='bbox 395 1952 536 2022; x_wconf 80' lang='lat' dir='ltr'><strong>negando.</strong></span> <span class='ocrx_word' id='word_1_241' title='bbox 545 1955 594 2008; x_wconf 82' lang='lat' dir='ltr'><strong>dit</strong></span> <span class='ocrx_word' id='word_1_242' title='bbox 606 1954 674 2022; x_wconf 84' lang='lat' dir='ltr'><strong>illis,</strong></span> <span class='ocrx_word' id='word_1_243' title='bbox 768 1968 815 2007; x_wconf 87' lang='lat' dir='ltr'><strong>nee</strong></span> <span class='ocrx_word' id='word_1_244' title='bbox 826 1968 937 2023; x_wconf 82' lang='lat' dir='ltr'><strong>ponam.</strong></span> <span class='ocrx_word' id='word_1_245' title='bbox 950 1949 1098 2018; x_wconf 65' lang='lat' dir='ltr'><strong>inclusiie</strong></span> <span class='ocrx_word' id='word_1_246' title='bbox 1111 1967 1173 2007; x_wconf 89' lang='lat' dir='ltr'><strong>non</strong></span> <span class='ocrx_word' id='word_1_247' title='bbox 1187 1950 1263 2022; x_wconf 76' lang='lat' dir='ltr'><strong>quod</strong></span> <span class='ocrx_word' id='word_1_248' title='bbox 1273 1965 1316 2021; x_wconf 88' lang='lat' dir='ltr'><strong>po·</strong></span> 
     </span>
     <span class='ocr_line' id='line_1_24' title="bbox 87 2022 1316 2096; baseline -0.005 -14"><span class='ocrx_word' id='word_1_249' title='bbox 87 2026 234 2096; x_wconf 68' lang='lat' dir='ltr'><strong>arguendo</strong></span> <span class='ocrx_word' id='word_1_250' title='bbox 259 2023 288 2079; x_wconf 93' lang='lat' dir='ltr'><strong>in</strong></span> <span class='ocrx_word' id='word_1_251' title='bbox 310 2023 485 2080; x_wconf 83' lang='lat' dir='ltr'><strong>conti-arium</strong></span> <span class='ocrx_word' id='word_1_252' title='bbox 506 2046 512 2079; x_wconf 75' lang='grc' dir='ltr'>ι</span> <span class='ocrx_word' id='word_1_253' title='bbox 538 2025 676 2092; x_wconf 76' lang='lat' dir='ltr'><strong>Quomodo</strong></span> <span class='ocrx_word' id='word_1_254' title='bbox 732 2029 794 2080; x_wconf 89' lang='lat' dir='ltr'><strong>slea</strong></span> <span class='ocrx_word' id='word_1_255' title='bbox 808 2040 863 2079; x_wconf 87' lang='lat' dir='ltr'><strong>noo</strong></span> <span class='ocrx_word' id='word_1_256' title='bbox 878 2024 985 2087; x_wconf 72' lang='lat' dir='ltr'><strong>sedeat,</strong></span> <span class='ocrx_word' id='word_1_257' title='bbox 1000 2022 1136 2094; x_wconf 88' lang='lat' dir='ltr'><strong>quoniam</strong></span> <span class='ocrx_word' id='word_1_258' title='bbox 1153 2037 1316 2093; x_wconf 88' lang='lat' dir='ltr'><strong>semperse-</strong></span> 
     </span>
     <span class='ocr_line' id='line_1_25' title="bbox 87 2094 1318 2168; baseline -0.004 -16"><span class='ocrx_word' id='word_1_259' title='bbox 87 2112 162 2166; x_wconf 65' lang='grc' dir='ltr'><strong>προ,</strong></span> <span class='ocrx_word' id='word_1_260' title='bbox 177 2094 200 2152; x_wconf 88' lang='lat' dir='ltr'><strong>si</strong></span> <span class='ocrx_word' id='word_1_261' title='bbox 219 2095 348 2153; x_wconf 85' lang='lat' dir='ltr'><strong>Cbristns</strong></span> <span class='ocrx_word' id='word_1_262' title='bbox 365 2101 408 2151; x_wconf 80' lang='lat' dir='ltr'><strong>est</strong></span> <span class='ocrx_word' id='word_1_263' title='bbox 424 2110 511 2168; x_wconf 88' lang='lat' dir='ltr'><strong>purus</strong></span> <span class='ocrx_word' id='word_1_264' title='bbox 531 2097 628 2165; x_wconf 86' lang='lat' dir='ltr'><strong>homo,</strong></span> <span class='ocrx_word' id='word_1_265' title='bbox 644 2101 677 2154; x_wconf 89' lang='lat' dir='ltr'><strong>ut</strong></span> <span class='ocrx_word' id='word_1_266' title='bbox 732 2095 822 2163; x_wconf 88' lang='lat' dir='ltr'><strong>debit,</strong></span> <span class='ocrx_word' id='word_1_267' title='bbox 850 2098 974 2152; x_wconf 82' lang='lat' dir='ltr'><strong>inimicos</strong></span> <span class='ocrx_word' id='word_1_268' title='bbox 991 2101 1061 2161; x_wconf 69' lang='lat' dir='ltr'><strong>tuos.</strong></span> <span class='ocrx_word' id='word_1_269' title='bbox 1078 2102 1107 2151; x_wconf 89' lang='lat' dir='ltr'><strong>et</strong></span> <span class='ocrx_word' id='word_1_270' title='bbox 1124 2094 1318 2151; x_wconf 80' lang='lat' dir='ltr'><strong>inobedientes</strong></span> 
     </span>
     <span class='ocr_line' id='line_1_26' title="bbox 89 2165 1316 2238; baseline -0.002 -17"><span class='ocrx_word' id='word_1_271' title='bbox 89 2185 140 2226; x_wconf 82' lang='lat' dir='ltr'><strong>vos</strong></span> <span class='ocrx_word' id='word_1_272' title='bbox 160 2166 287 2231; x_wconf 77' lang='lat' dir='ltr'><strong>credilis.</strong></span> <span class='ocrx_word' id='word_1_273' title='bbox 306 2168 408 2232; x_wconf 81' lang='lat' dir='ltr'><strong>Dauid,</strong></span> <span class='ocrx_word' id='word_1_274' title='bbox 434 2165 478 2222; x_wconf 91' lang='lat' dir='ltr'><strong>cui</strong></span> <span class='ocrx_word' id='word_1_275' title='bbox 501 2168 609 2223; x_wconf 79' lang='lat' dir='ltr'><strong>‹ieciilte</strong></span> <span class='ocrx_word' id='word_1_276' title='bbox 628 2185 674 2225; x_wconf 80' lang='lat' dir='ltr'><strong>sa·</strong></span> <span class='ocrx_word' id='word_1_277' title='bbox 732 2167 795 2236; x_wconf 81' lang='lat' dir='ltr'><strong>tibi,</strong></span> <span class='ocrx_word' id='word_1_278' title='bbox 814 2167 963 2223; x_wconf 84' lang='lat' dir='ltr'><strong>scabellum</strong></span> <span class='ocrx_word' id='word_1_279' title='bbox 977 2167 1077 2238; x_wconf 88' lang='lat' dir='ltr'><strong>pedum</strong></span> <span class='ocrx_word' id='word_1_280' title='bbox 1094 2173 1219 2233; x_wconf 85' lang='lat' dir='ltr'><strong>tuorum,</strong></span> <span class='ocrx_word' id='word_1_281' title='bbox 1240 2166 1316 2221; x_wconf 77' lang='lat' dir='ltr'><strong>idest</strong></span> 
     </span>
     <span class='ocr_line' id='line_1_27' title="bbox 87 2237 1317 2319; baseline -0.003 -22"><span class='ocrx_word' id='word_1_282' title='bbox 87 2238 203 2313; x_wconf 75' lang='lat' dir='ltr'><strong>pientiae</strong></span> <span class='ocrx_word' id='word_1_283' title='bbox 218 2237 320 2294; x_wconf 82' lang='lat' dir='ltr'><strong>divinae</strong></span> <span class='ocrx_word' id='word_1_284' title='bbox 340 2237 522 2294; x_wconf 82' lang='lat' dir='ltr'><strong>manifestata</strong></span> <span class='ocrx_word' id='word_1_285' title='bbox 544 2248 620 2306; x_wconf 84' lang='lat' dir='ltr'><strong>sunt,</strong></span> <span class='ocrx_word' id='word_1_286' title='bbox 645 2243 675 2295; x_wconf 84' lang='lat' dir='ltr'><strong>iu</strong></span> <span class='ocrx_word' id='word_1_287' title='bbox 732 2239 824 2296; x_wconf 90' lang='lat' dir='ltr'><strong>donee</strong></span> <span class='ocrx_word' id='word_1_288' title='bbox 839 2238 970 2294; x_wconf 88' lang='lat' dir='ltr'><strong>homines</strong></span> <span class='ocrx_word' id='word_1_289' title='bbox 984 2237 1107 2294; x_wconf 81' lang='lat' dir='ltr'><strong>rebelles</strong></span> <span class='ocrx_word' id='word_1_290' title='bbox 1120 2237 1173 2294; x_wconf 91' lang='lat' dir='ltr'><strong>libi</strong></span> <span class='ocrx_word' id='word_1_291' title='bbox 1191 2239 1317 2319; x_wconf 72' lang='lat' dir='ltr'><strong>subjuga·</strong></span> 
     </span>
     <span class='ocr_line' id='line_1_28' title="bbox 86 2307 1315 2382; baseline -0.002 -17"><span class='ocrx_word' id='word_1_292' title='bbox 86 2313 208 2382; x_wconf 82' lang='lat' dir='ltr'><strong>spiritu,</strong></span> <span class='ocrx_word' id='word_1_293' title='bbox 223 2307 330 2364; x_wconf 80' lang='lat' dir='ltr'><strong>scilcet</strong></span> <span class='ocrx_word' id='word_1_294' title='bbox 341 2309 483 2364; x_wconf 84' lang='lat' dir='ltr'><strong>Sanctoet</strong></span> <span class='ocrx_word' id='word_1_295' title='bbox 499 2309 674 2378; x_wconf 79' lang='lat' dir='ltr'><strong>proplietim,</strong></span> <span class='ocrx_word' id='word_1_296' title='bbox 733 2327 822 2368; x_wconf 83' lang='lat' dir='ltr'><strong>vern:</strong></span> <span class='ocrx_word' id='word_1_297' title='bbox 841 2309 883 2366; x_wconf 79' lang='lat' dir='ltr'><strong>rel</strong></span> <span class='ocrx_word' id='word_1_298' title='bbox 900 2312 973 2367; x_wconf 87' lang='lat' dir='ltr'><strong>bona</strong></span> <span class='ocrx_word' id='word_1_299' title='bbox 1001 2314 1030 2365; x_wconf 92' lang='lat' dir='ltr'><strong>et</strong></span> <span class='ocrx_word' id='word_1_300' title='bbox 1044 2309 1210 2367; x_wconf 85' lang='lat' dir='ltr'><strong>voluntaria</strong></span> <span class='ocrx_word' id='word_1_301' title='bbox 1227 2319 1315 2379; x_wconf 57' lang='lat' dir='ltr'><strong>suffue-</strong></span> 
     </span>
     <span class='ocr_line' id='line_1_29' title="bbox 88 2379 1344 2450; baseline 0.001 -17"><span class='ocrx_word' id='word_1_302' title='bbox 88 2398 147 2440; x_wconf 87' lang='lat' dir='ltr'><strong>non</strong></span> <span class='ocrx_word' id='word_1_303' title='bbox 165 2380 201 2436; x_wconf 94' lang='lat' dir='ltr'><strong>de</strong></span> <span class='ocrx_word' id='word_1_304' title='bbox 213 2379 298 2435; x_wconf 85' lang='lat' dir='ltr'><strong>corde</strong></span> <span class='ocrx_word' id='word_1_305' title='bbox 313 2395 365 2435; x_wconf 84' lang='lat' dir='ltr'><strong>sno</strong></span> <span class='ocrx_word' id='word_1_306' title='bbox 381 2394 431 2450; x_wconf 91' lang='lat' dir='ltr'><strong>pro</strong></span> <span class='ocrx_word' id='word_1_307' title='bbox 456 2381 507 2443; x_wconf 81' lang='lat' dir='ltr'><strong>rio.</strong></span> <span class='ocrx_word' id='word_1_308' title='bbox 521 2389 599 2436; x_wconf 84' lang='lat' dir='ltr'><strong>uneat</strong></span> <span class='ocrx_word' id='word_1_309' title='bbox 614 2398 675 2437; x_wconf 86' lang='lat' dir='ltr'><strong>eum</strong></span> <span class='ocrx_word' id='word_1_310' title='bbox 733 2382 837 2450; x_wconf 82' lang='lat' dir='ltr'><strong>ctione,</strong></span> <span class='ocrx_word' id='word_1_311' title='bbox 854 2380 962 2438; x_wconf 76' lang='lat' dir='ltr'><strong>scilicet</strong></span> <span class='ocrx_word' id='word_1_312' title='bbox 978 2385 1009 2438; x_wconf 90' lang='lat' dir='ltr'><strong>ul</strong></span> <span class='ocrx_word' id='word_1_313' title='bbox 1032 2381 1154 2438; x_wconf 89' lang='lat' dir='ltr'><strong>credaut</strong></span> <span class='ocrx_word' id='word_1_314' title='bbox 1178 2387 1207 2438; x_wconf 86' lang='lat' dir='ltr'><strong>te</strong></span> <span class='ocrx_word' id='word_1_315' title='bbox 1224 2395 1315 2436; x_wconf 86' lang='lat' dir='ltr'><strong>rerum</strong></span> <span class='ocrx_word' id='word_1_316' title='bbox 1343 2392 1344 2397; x_wconf 51' lang='lat'>¹</span> 
     </span>
     <span class='ocr_line' id='line_1_30' title="bbox 88 2394 1317 2525; baseline -0.004 -15"><span class='ocrx_word' id='word_1_317' title='bbox 88 2455 235 2510; x_wconf 84' lang='lat' dir='ltr'><strong>Dominum</strong></span> <span class='ocrx_word' id='word_1_318' title='bbox 249 2451 353 2507; x_wconf 79' lang='lat' dir='ltr'><strong>suuiu‘l</strong></span> <span class='ocrx_word' id='word_1_319' title='bbox 366 2394 513 2522; x_wconf 63' lang='lat' dir='ltr'><strong>quntfnon</strong></span> <span class='ocrx_word' id='word_1_320' title='bbox 528 2450 637 2520; x_wconf 85' lang='lat' dir='ltr'><strong>liceret,</strong></span> <span class='ocrx_word' id='word_1_321' title='bbox 650 2453 674 2510; x_wconf 88' lang='lat' dir='ltr'><strong>si</strong></span> <span class='ocrx_word' id='word_1_322' title='bbox 734 2456 824 2511; x_wconf 84' lang='lat' dir='ltr'><strong>Deum</strong></span> <span class='ocrx_word' id='word_1_323' title='bbox 840 2462 868 2509; x_wconf 85' lang='lat' dir='ltr'><strong>et</strong></span> <span class='ocrx_word' id='word_1_324' title='bbox 883 2453 1027 2511; x_wconf 87' lang='lat' dir='ltr'><strong>bominem</strong></span> <span class='ocrx_word' id='word_1_325' title='bbox 1040 2460 1157 2525; x_wconf 80' lang='lat' dir='ltr'><strong>sponto;</strong></span> <span class='ocrx_word' id='word_1_326' title='bbox 1172 2453 1214 2509; x_wconf 84' lang='lat' dir='ltr'><strong>vel</strong></span> <span class='ocrx_word' id='word_1_327' title='bbox 1227 2459 1317 2508; x_wconf 82' lang='lat' dir='ltr'><strong>coacta</strong></span> 
     </span>
     <span class='ocr_line' id='line_1_31' title="bbox 89 2522 1316 2597; baseline -0.004 -14"><span class='ocrx_word' id='word_1_328' title='bbox 89 2534 165 2583; x_wconf 81' lang='lat' dir='ltr'><strong>esset</strong></span> <span class='ocrx_word' id='word_1_329' title='bbox 184 2522 260 2579; x_wconf 89' lang='lat' dir='ltr'><strong>lilius</strong></span> <span class='ocrx_word' id='word_1_330' title='bbox 273 2523 346 2595; x_wconf 86' lang='lat' dir='ltr'><strong>ejus,</strong></span> <span class='ocrx_word' id='word_1_331' title='bbox 355 2523 448 2578; x_wconf 83' lang='lat' dir='ltr'><strong>dicens</strong></span> <span class='ocrx_word' id='word_1_332' title='bbox 466 2526 568 2579; x_wconf 77' lang='lat' dir='ltr'><strong>illinit</strong></span> <span class='ocrx_word' id='word_1_333' title='bbox 582 2528 674 2581; x_wconf 83' lang='lat' dir='ltr'><strong>Domi·</strong></span> <span class='ocrx_word' id='word_1_334' title='bbox 734 2524 966 2597; x_wconf 68' lang='lat' dir='ltr'><strong>subjectionem</strong></span> <span class='ocrx_word' id='word_1_335' title='bbox 981 2526 1010 2580; x_wconf 93' lang='lat' dir='ltr'><strong>in</strong></span> <span class='ocrx_word' id='word_1_336' title='bbox 1026 2525 1072 2581; x_wconf 85' lang='lat' dir='ltr'><strong>die</strong></span> <span class='ocrx_word' id='word_1_337' title='bbox 1085 2523 1188 2597; x_wconf 86' lang='lat' dir='ltr'><strong>judicii</strong></span> <span class='ocrx_word' id='word_1_338' title='bbox 1204 2523 1316 2596; x_wconf 83' lang='lat' dir='ltr'><strong>punian-</strong></span> 
     </span>
     <span class='ocr_line' id='line_1_32' title="bbox 88 2594 1317 2665; baseline -0.005 -11"><span class='ocrx_word' id='word_1_339' title='bbox 88 2614 141 2655; x_wconf 82' lang='lat' dir='ltr'><strong>nus</strong></span> <span class='ocrx_word' id='word_1_340' title='bbox 157 2599 270 2653; x_wconf 82' lang='lat' dir='ltr'><strong>Domino</strong></span> <span class='ocrx_word' id='word_1_341' title='bbox 291 2611 359 2663; x_wconf 88' lang='lat' dir='ltr'><strong>meo,</strong></span> <span class='ocrx_word' id='word_1_342' title='bbox 381 2594 408 2651; x_wconf 93' lang='lat' dir='ltr'><strong>id</strong></span> <span class='ocrx_word' id='word_1_343' title='bbox 430 2599 474 2651; x_wconf 77' lang='lat' dir='ltr'><strong>est</strong></span> <span class='ocrx_word' id='word_1_344' title='bbox 493 2596 578 2652; x_wconf 91' lang='lat' dir='ltr'><strong>Pater</strong></span> <span class='ocrx_word' id='word_1_345' title='bbox 593 2597 673 2654; x_wconf 83' lang='lat' dir='ltr'><strong>Filio.</strong></span> <span class='ocrx_word' id='word_1_346' title='bbox 734 2604 782 2653; x_wconf 94' lang='lat' dir='ltr'><strong>tur</strong></span> <span class='ocrx_word' id='word_1_347' title='bbox 801 2597 960 2654; x_wconf 88' lang='lat' dir='ltr'><strong>eteredant</strong></span> <span class='ocrx_word' id='word_1_348' title='bbox 978 2596 1076 2665; x_wconf 85' lang='lat' dir='ltr'><strong>invite,</strong></span> <span class='ocrx_word' id='word_1_349' title='bbox 1102 2595 1144 2652; x_wconf 87' lang='lat' dir='ltr'><strong>ila</strong></span> <span class='ocrx_word' id='word_1_350' title='bbox 1168 2601 1210 2658; x_wconf 82' lang='lat' dir='ltr'><strong>ul,</strong></span> <span class='ocrx_word' id='word_1_351' title='bbox 1235 2595 1317 2651; x_wconf 81' lang='lat' dir='ltr'><strong>velint</strong></span> 
     </span>
     <span class='ocr_line' id='line_1_33' title="bbox 87 2666 1316 2796; baseline -0.006 -69"><span class='ocrx_word' id='word_1_352' title='bbox 87 2668 144 2744; x_wconf 87' lang='lat' dir='ltr'><strong>Ipsi</strong></span> <span class='ocrx_word' id='word_1_353' title='bbox 159 2673 254 2725; x_wconf 84' lang='lat' dir='ltr'><strong>nutum</strong></span> <span class='ocrx_word' id='word_1_354' title='bbox 265 2666 305 2725; x_wconf 88' lang='lat' dir='ltr'><strong>sic</strong></span> <span class='ocrx_word' id='word_1_355' title='bbox 319 2671 477 2750; x_wconf 85' lang='lat' dir='ltr'><strong>exponunt:</strong></span> <span class='ocrx_word' id='word_1_356' title='bbox 493 2669 572 2723; x_wconf 76' lang='lat' dir='ltr'><strong>nteit</strong></span> <span class='ocrx_word' id='word_1_357' title='bbox 586 2672 676 2724; x_wconf 84' lang='lat' dir='ltr'><strong>Domi·</strong></span> <span class='ocrx_word' id='word_1_358' title='bbox 719 2668 838 2737; x_wconf 80' lang='lat' dir='ltr'><strong>nolint,</strong></span> <span class='ocrx_word' id='word_1_359' title='bbox 855 2667 976 2796; x_wconf 49' lang='grc' dir='ltr'><strong>ευιέειιί</strong></span> <span class='ocrx_word' id='word_1_360' title='bbox 998 2667 1056 2724; x_wconf 73' lang='lat' dir='ltr'><strong>sint</strong></span> <span class='ocrx_word' id='word_1_361' title='bbox 1079 2667 1144 2735; x_wconf 82' lang='lat' dir='ltr'><strong>tibi,</strong></span> <span class='ocrx_word' id='word_1_362' title='bbox 1165 2667 1241 2723; x_wconf 85' lang='lat' dir='ltr'><strong>sicut</strong></span> <span class='ocrx_word' id='word_1_363' title='bbox 1260 2681 1316 2721; x_wconf 84' lang='lat' dir='ltr'><strong>sca·</strong></span> 
     </span>
     <span class='ocr_line' id='line_1_34' title="bbox 89 2739 1319 2810; baseline -0.007 -10"><span class='ocrx_word' id='word_1_364' title='bbox 89 2758 141 2800; x_wconf 79' lang='lat' dir='ltr'><strong>nus</strong></span> <span class='ocrx_word' id='word_1_365' title='bbox 160 2745 272 2797; x_wconf 77' lang='lat' dir='ltr'><strong>creator</strong></span> <span class='ocrx_word' id='word_1_366' title='bbox 298 2740 360 2796; x_wconf 84' lang='lat' dir='ltr'><strong>eoelr</strong></span> <span class='ocrx_word' id='word_1_367' title='bbox 385 2747 414 2795; x_wconf 94' lang='lat' dir='ltr'><strong>et</strong></span> <span class='ocrx_word' id='word_1_368' title='bbox 437 2743 533 2807; x_wconf 72' lang='lat' dir='ltr'><strong>terrm,</strong></span> <span class='ocrx_word' id='word_1_369' title='bbox 560 2743 675 2797; x_wconf 83' lang='lat' dir='ltr'><strong>Domino</strong></span> <span class='ocrx_word' id='word_1_370' title='bbox 734 2740 841 2797; x_wconf 88' lang='lat' dir='ltr'><strong>bellum</strong></span> <span class='ocrx_word' id='word_1_371' title='bbox 881 2756 896 2796; x_wconf 88' lang='lat' dir='ltr'><strong>e</strong></span> <span class='ocrx_word' id='word_1_372' title='bbox 919 2741 982 2797; x_wconf 76' lang='lat' dir='ltr'><strong>ilius</strong></span> <span class='ocrx_word' id='word_1_373' title='bbox 999 2747 1041 2795; x_wconf 83' lang='lat' dir='ltr'><strong>est</strong></span> <span class='ocrx_word' id='word_1_374' title='bbox 1063 2739 1239 2810; x_wconf 81' lang='lat' dir='ltr'><strong>subjectum.</strong></span> <span class='ocrx_word' id='word_1_375' title='bbox 1259 2740 1319 2794; x_wconf 80' lang='lat' dir='ltr'><strong>llaec</strong></span> 
     </span>
     <span class='ocr_line' id='line_1_35' title="bbox 89 2756 1318 2891; baseline -0.004 -20"><span class='ocrx_word' id='word_1_376' title='bbox 89 2830 146 2871; x_wconf 85' lang='lat' dir='ltr'><strong>meo</strong></span> <span class='ocrx_word' id='word_1_377' title='bbox 174 2811 263 2869; x_wconf 87' lang='lat' dir='ltr'><strong>idest</strong></span> <span class='ocrx_word' id='word_1_378' title='bbox 280 2810 401 2869; x_wconf 85' lang='lat' dir='ltr'><strong>lllessiae.</strong></span> <span class='ocrx_word' id='word_1_379' title='bbox 734 2811 808 2868; x_wconf 84' lang='lat' dir='ltr'><strong>enirn</strong></span> <span class='ocrx_word' id='word_1_380' title='bbox 827 2756 965 2883; x_wconf 52' lang='lat' dir='ltr'><strong>sufflet-tio</strong></span> <span class='ocrx_word' id='word_1_381' title='bbox 990 2810 1183 2891; x_wconf 62' lang='lat' dir='ltr'><strong>complebitur</strong></span> <span class='ocrx_word' id='word_1_382' title='bbox 1209 2809 1239 2866; x_wconf 94' lang='lat' dir='ltr'><strong>in</strong></span> <span class='ocrx_word' id='word_1_383' title='bbox 1250 2808 1318 2891; x_wconf 86' lang='lat' dir='ltr'><strong>judi</strong></span> 
     </span>
    </p>

    <p class='ocr_par' dir='ltr' id='par_1_3' title="bbox 86 2882 1326 4390">
     <span class='ocr_line' id='line_1_36' title="bbox 122 2882 1319 2959; baseline -0.006 -16"><span class='ocrx_word' id='word_1_384' title='bbox 122 2886 291 2959; x_wconf 83' lang='lat' dir='ltr'><strong>7Cnn1srmi</strong></span> <span class='ocrx_word' id='word_1_385' title='bbox 318 2901 368 2941; x_wconf 85' lang='lat' dir='ltr'><strong>seu</strong></span> <span class='ocrx_word' id='word_1_386' title='bbox 393 2883 517 2940; x_wconf 74' lang='lat' dir='ltr'><strong>tlessuu</strong></span> <span class='ocrx_word' id='word_1_387' title='bbox 535 2901 592 2941; x_wconf 78' lang='lat' dir='ltr'><strong>riou</strong></span> <span class='ocrx_word' id='word_1_388' title='bbox 610 2902 674 2941; x_wconf 77' lang='lat' dir='ltr'><strong>esse</strong></span> <span class='ocrx_word' id='word_1_389' title='bbox 735 2882 791 2951; x_wconf 82' lang='lat' dir='ltr'><strong>cio,</strong></span> <span class='ocrx_word' id='word_1_390' title='bbox 817 2883 933 2953; x_wconf 84' lang='lat' dir='ltr'><strong>quaudo</strong></span> <span class='ocrx_word' id='word_1_391' title='bbox 962 2883 1057 2940; x_wconf 87' lang='lat' dir='ltr'><strong>omnia</strong></span> <span class='ocrx_word' id='word_1_392' title='bbox 1085 2886 1211 2955; x_wconf 82' lang='lat' dir='ltr'><strong>prrlecle</strong></span> <span class='ocrx_word' id='word_1_393' title='bbox 1237 2883 1319 2952; x_wconf 77' lang='lat' dir='ltr'><strong>subp·</strong></span> 
     </span>
     <span class='ocr_line' id='line_1_37' title="bbox 88 2951 1318 3024; baseline -0.008 -7"><span class='ocrx_word' id='word_1_394' title='bbox 88 2975 179 3017; x_wconf 85' lang='lat' dir='ltr'><strong>runnu</strong></span> <span class='ocrx_word' id='word_1_395' title='bbox 194 2974 315 3014; x_wconf 77' lang='lat' dir='ltr'><strong>nomnen</strong></span> <span class='ocrx_word' id='word_1_396' title='bbox 329 2973 478 3014; x_wconf 75' lang='lat' dir='ltr'><strong>rnnnorue.</strong></span> <span class='ocrx_word' id='word_1_397' title='bbox 500 2987 524 2997; x_wconf 95' lang='lat'>-</span> <span class='ocrx_word' id='word_1_398' title='bbox 542 2956 621 3024; x_wconf 85' lang='lat' dir='ltr'><strong>Quod</strong></span> <span class='ocrx_word' id='word_1_399' title='bbox 633 2972 676 3013; x_wconf 87' lang='lat' dir='ltr'><strong>er·</strong></span> <span class='ocrx_word' id='word_1_400' title='bbox 734 2954 847 3012; x_wconf 84' lang='lat' dir='ltr'><strong>cientur</strong></span> <span class='ocrx_word' id='word_1_401' title='bbox 858 2954 964 3011; x_wconf 84' lang='lat' dir='ltr'><strong>homiui</strong></span> <span class='ocrx_word' id='word_1_402' title='bbox 978 2953 1099 3012; x_wconf 85' lang='lat' dir='ltr'><strong>Christo.</strong></span> <span class='ocrx_word' id='word_1_403' title='bbox 1109 2956 1143 3012; x_wconf 82' lang='lat' dir='ltr'><strong>Si</strong></span> <span class='ocrx_word' id='word_1_404' title='bbox 1153 2970 1219 3024; x_wconf 79' lang='lat' dir='ltr'><strong>erpo</strong></span> <span class='ocrx_word' id='word_1_405' title='bbox 1232 2951 1318 3010; x_wconf 64' lang='lat' dir='ltr'><strong>braid</strong></span> 
     </span>
     <span class='ocr_line' id='line_1_38' title="bbox 87 3027 1319 3103; baseline -0.006 -16"><span class='ocrx_word' id='word_1_406' title='bbox 87 3028 193 3103; x_wconf 75' lang='lat' dir='ltr'><strong>geiste</strong></span> <span class='ocrx_word' id='word_1_407' title='bbox 213 3029 329 3087; x_wconf 85' lang='lat' dir='ltr'><strong>blessias</strong></span> <span class='ocrx_word' id='word_1_408' title='bbox 349 3044 404 3087; x_wconf 91' lang='lat' dir='ltr'><strong>non</strong></span> <span class='ocrx_word' id='word_1_409' title='bbox 419 3027 456 3084; x_wconf 90' lang='lat' dir='ltr'><strong>sit</strong></span> <span class='ocrx_word' id='word_1_410' title='bbox 471 3044 559 3101; x_wconf 86' lang='lat' dir='ltr'><strong>purus</strong></span> <span class='ocrx_word' id='word_1_411' title='bbox 578 3029 674 3097; x_wconf 88' lang='lat' dir='ltr'><strong>bomo,</strong></span> <span class='ocrx_word' id='word_1_412' title='bbox 734 3034 812 3083; x_wconf 84' lang='lat' dir='ltr'><strong>uocat</strong></span> <span class='ocrx_word' id='word_1_413' title='bbox 836 3043 897 3082; x_wconf 87' lang='lat' dir='ltr'><strong>eum</strong></span> <span class='ocrx_word' id='word_1_414' title='bbox 916 3030 1073 3093; x_wconf 84' lang='lat' dir='ltr'><strong>Dominum,</strong></span> <span class='ocrx_word' id='word_1_415' title='bbox 1094 3028 1256 3083; x_wconf 82' lang='lat' dir='ltr'><strong>secundum</strong></span> <span class='ocrx_word' id='word_1_416' title='bbox 1279 3039 1319 3080; x_wconf 77' lang='lat' dir='ltr'><strong>re</strong></span> 
     </span>
     <span class='ocr_line' id='line_1_39' title="bbox 88 3095 1317 3174; baseline -0.005 -17"><span class='ocrx_word' id='word_1_417' title='bbox 88 3103 227 3174; x_wconf 83' lang='lat' dir='ltr'><strong>probatur</strong></span> <span class='ocrx_word' id='word_1_418' title='bbox 253 3100 412 3169; x_wconf 69' lang='lat' dir='ltr'><strong>trudit-iter,</strong></span> <span class='ocrx_word' id='word_1_419' title='bbox 432 3115 465 3157; x_wconf 88' lang='lat' dir='ltr'><strong>ex</strong></span> <span class='ocrx_word' id='word_1_420' title='bbox 495 3102 548 3157; x_wconf 86' lang='lat' dir='ltr'><strong>hoe</strong></span> <span class='ocrx_word' id='word_1_421' title='bbox 574 3101 672 3156; x_wconf 81' lang='lat' dir='ltr'><strong>verbo.</strong></span> <span class='ocrx_word' id='word_1_422' title='bbox 734 3101 860 3166; x_wconf 87' lang='lat' dir='ltr'><strong>ritatem,</strong></span> <span class='ocrx_word' id='word_1_423' title='bbox 876 3099 1009 3169; x_wconf 82' lang='lat' dir='ltr'><strong>quomodo</strong></span> <span class='ocrx_word' id='word_1_424' title='bbox 1028 3100 1104 3169; x_wconf 71' lang='lat' dir='ltr'><strong>plius</strong></span> <span class='ocrx_word' id='word_1_425' title='bbox 1124 3100 1187 3166; x_wconf 79' lang='lat' dir='ltr'><strong>ejus</strong></span> <span class='ocrx_word' id='word_1_426' title='bbox 1202 3095 1317 3164; x_wconf 84' lang='lat' dir='ltr'><strong>est‚sei·</strong></span> 
     </span>
     <span class='ocr_line' id='line_1_40' title="bbox 91 3169 1318 3244; baseline -0.005 -16"><span class='ocrx_word' id='word_1_427' title='bbox 91 3204 126 3215; x_wconf 95' lang='lat'><em>-</em></span> <span class='ocrx_word' id='word_1_428' title='bbox 137 3172 232 3229; x_wconf 88' lang='lat' dir='ltr'><strong>Primo</strong></span> <span class='ocrx_word' id='word_1_429' title='bbox 242 3188 274 3230; x_wconf 88' lang='lat' dir='ltr'><strong>ex</strong></span> <span class='ocrx_word' id='word_1_430' title='bbox 286 3189 320 3229; x_wconf 87' lang='lat' dir='ltr'><strong>eo</strong></span> <span class='ocrx_word' id='word_1_431' title='bbox 333 3172 407 3244; x_wconf 86' lang='lat' dir='ltr'><strong>quud</strong></span> <span class='ocrx_word' id='word_1_432' title='bbox 419 3171 507 3231; x_wconf 81' lang='lat' dir='ltr'><strong>David</strong></span> <span class='ocrx_word' id='word_1_433' title='bbox 518 3178 600 3229; x_wconf 77' lang='lat' dir='ltr'><strong>ineat</strong></span> <span class='ocrx_word' id='word_1_434' title='bbox 609 3188 675 3229; x_wconf 89' lang='lat' dir='ltr'><strong>eurn</strong></span> <span class='ocrx_word' id='word_1_435' title='bbox 734 3169 801 3227; x_wconf 83' lang='lat' dir='ltr'><strong>linet</strong></span> <span class='ocrx_word' id='word_1_436' title='bbox 813 3179 934 3233; x_wconf 79' lang='lat' dir='ltr'><strong>tantum,</strong></span> <span class='ocrx_word' id='word_1_437' title='bbox 951 3185 1013 3227; x_wconf 88' lang='lat' dir='ltr'><strong>cum</strong></span> <span class='ocrx_word' id='word_1_438' title='bbox 1030 3169 1106 3226; x_wconf 87' lang='lat' dir='ltr'><strong>tilius</strong></span> <span class='ocrx_word' id='word_1_439' title='bbox 1117 3170 1318 3242; x_wconf 79' lang='lat' dir='ltr'><strong>propagatione</strong></span> 
     </span>
     <span class='ocr_line' id='line_1_41' title="bbox 87 3240 1320 3314; baseline -0.004 -14"><span class='ocrx_word' id='word_1_440' title='bbox 87 3242 251 3312; x_wconf 86' lang='lat' dir='ltr'><strong>Dominum,</strong></span> <span class='ocrx_word' id='word_1_441' title='bbox 268 3250 297 3301; x_wconf 90' lang='lat' dir='ltr'><strong>et</strong></span> <span class='ocrx_word' id='word_1_442' title='bbox 313 3244 366 3300; x_wconf 87' lang='lat' dir='ltr'><strong>hon</strong></span> <span class='ocrx_word' id='word_1_443' title='bbox 381 3243 422 3300; x_wconf 87' lang='lat' dir='ltr'><strong>sie</strong></span> <span class='ocrx_word' id='word_1_444' title='bbox 441 3260 448 3299; x_wconf 74' lang='grc' dir='ltr'>ε</span> <span class='ocrx_word' id='word_1_445' title='bbox 476 3244 572 3301; x_wconf 88' lang='lat' dir='ltr'><strong>nullus</strong></span> <span class='ocrx_word' id='word_1_446' title='bbox 597 3251 676 3313; x_wconf 88' lang='lat' dir='ltr'><strong>pater</strong></span> <span class='ocrx_word' id='word_1_447' title='bbox 735 3243 880 3314; x_wconf 80' lang='lat' dir='ltr'><strong>subjectus</strong></span> <span class='ocrx_word' id='word_1_448' title='bbox 891 3241 927 3298; x_wconf 66' lang='lat' dir='ltr'><strong>sit</strong></span> <span class='ocrx_word' id='word_1_449' title='bbox 942 3240 1026 3313; x_wconf 82' lang='lat' dir='ltr'><strong>patri,</strong></span> <span class='ocrx_word' id='word_1_450' title='bbox 1042 3246 1070 3298; x_wconf 87' lang='lat' dir='ltr'><strong>et</strong></span> <span class='ocrx_word' id='word_1_451' title='bbox 1087 3240 1211 3297; x_wconf 82' lang='lat' dir='ltr'><strong>maxime</strong></span> <span class='ocrx_word' id='word_1_452' title='bbox 1227 3255 1320 3297; x_wconf 79' lang='lat' dir='ltr'><strong>seeun-</strong></span> 
     </span>
     <span class='ocr_line' id='line_1_42' title="bbox 88 3311 1317 3386; baseline -0.004 -15"><span class='ocrx_word' id='word_1_453' title='bbox 88 3313 179 3372; x_wconf 86' lang='lat' dir='ltr'><strong>sslium</strong></span> <span class='ocrx_word' id='word_1_454' title='bbox 206 3331 315 3382; x_wconf 86' lang='lat' dir='ltr'><strong>suum,</strong></span> <span class='ocrx_word' id='word_1_455' title='bbox 344 3314 393 3386; x_wconf 87' lang='lat' dir='ltr'><strong>qui</strong></span> <span class='ocrx_word' id='word_1_456' title='bbox 420 3315 508 3371; x_wconf 85' lang='lat' dir='ltr'><strong>trabit</strong></span> <span class='ocrx_word' id='word_1_457' title='bbox 544 3322 675 3373; x_wconf 89' lang='lat' dir='ltr'><strong>naturam</strong></span> <span class='ocrx_word' id='word_1_458' title='bbox 734 3315 801 3371; x_wconf 90' lang='lat' dir='ltr'><strong>dum</strong></span> <span class='ocrx_word' id='word_1_459' title='bbox 818 3311 1317 3383; x_wconf 79' lang='lat' dir='ltr'><strong>ronsuetudioemputrumanliono·</strong></span> 
     </span>
     <span class='ocr_line' id='line_1_43' title="bbox 88 3358 1318 3466; baseline -0.005 -23"><span class='ocrx_word' id='word_1_460' title='bbox 88 3400 168 3443; x_wconf 83' lang='lat' dir='ltr'><strong>enan</strong></span> <span class='ocrx_word' id='word_1_461' title='bbox 197 3387 233 3442; x_wconf 86' lang='lat' dir='ltr'><strong>ab</strong></span> <span class='ocrx_word' id='word_1_462' title='bbox 262 3385 342 3466; x_wconf 69' lang='lat' dir='ltr'><strong>ip-·0²</strong></span> <span class='ocrx_word' id='word_1_463' title='bbox 370 3392 490 3442; x_wconf 70' lang='lat' dir='ltr'><strong>testatur</strong></span> <span class='ocrx_word' id='word_1_464' title='bbox 524 3388 676 3444; x_wconf 88' lang='lat' dir='ltr'><strong>Dominum</strong></span> <span class='ocrx_word' id='word_1_465' title='bbox 705 3358 709 3447; x_wconf 70' lang='grc' dir='ltr'>Ι</span> <span class='ocrx_word' id='word_1_466' title='bbox 735 3385 820 3443; x_wconf 83' lang='lat' dir='ltr'><strong>rum?</strong></span> <span class='ocrx_word' id='word_1_467' title='bbox 839 3385 938 3441; x_wconf 88' lang='lat' dir='ltr'><strong>Potius</strong></span> <span class='ocrx_word' id='word_1_468' title='bbox 957 3383 1032 3440; x_wconf 87' lang='lat' dir='ltr'><strong>enim</strong></span> <span class='ocrx_word' id='word_1_469' title='bbox 1055 3390 1192 3456; x_wconf 83' lang='lat' dir='ltr'><strong>parentes</strong></span> <span class='ocrx_word' id='word_1_470' title='bbox 1211 3387 1318 3462; x_wconf 79' lang='lat' dir='ltr'><strong>suiitet</strong></span> 
     </span>
     <span class='ocr_line' id='line_1_44' title="bbox 89 3454 1316 3523; baseline -0.004 -10"><span class='ocrx_word' id='word_1_471' title='bbox 89 3471 193 3523; x_wconf 78' lang='lat' dir='ltr'><strong>euum3</strong></span> <span class='ocrx_word' id='word_1_472' title='bbox 209 3456 259 3512; x_wconf 83' lang='lat' dir='ltr'><strong>sed</strong></span> <span class='ocrx_word' id='word_1_473' title='bbox 275 3456 374 3523; x_wconf 67' lang='lat' dir='ltr'><strong>iliud,</strong></span> <span class='ocrx_word' id='word_1_474' title='bbox 390 3457 408 3513; x_wconf 88' lang='lat' dir='ltr'>S</span> <span class='ocrx_word' id='word_1_475' title='bbox 430 3455 497 3511; x_wconf 90' lang='lat' dir='ltr'><strong>irilu</strong></span> <span class='ocrx_word' id='word_1_476' title='bbox 512 3458 615 3514; x_wconf 87' lang='lat' dir='ltr'><strong>Sancto</strong></span> <span class='ocrx_word' id='word_1_477' title='bbox 631 3458 675 3515; x_wconf 93' lang='lat' dir='ltr'><strong>in·</strong></span> <span class='ocrx_word' id='word_1_478' title='bbox 706 3460 709 3507; x_wconf 88' lang='lat' dir='ltr'><strong>l</strong></span> <span class='ocrx_word' id='word_1_479' title='bbox 736 3456 872 3515; x_wconf 84' lang='lat' dir='ltr'><strong>dicuntur</strong></span> <span class='ocrx_word' id='word_1_480' title='bbox 887 3456 994 3512; x_wconf 81' lang='lat' dir='ltr'><strong>domini</strong></span> <span class='ocrx_word' id='word_1_481' title='bbox 1013 3454 1150 3523; x_wconf 88' lang='lat' dir='ltr'><strong>tiliorum,</strong></span> <span class='ocrx_word' id='word_1_482' title='bbox 1167 3471 1253 3523; x_wconf 80' lang='lat' dir='ltr'><strong>quam</strong></span> <span class='ocrx_word' id='word_1_483' title='bbox 1271 3454 1316 3511; x_wconf 87' lang='lat' dir='ltr'><strong>lilu</strong></span> 
     </span>
     <span class='ocr_line' id='line_1_45' title="bbox 90 3472 1320 3645; baseline -0.005 -60"><span class='ocrx_word' id='word_1_484' title='bbox 90 3526 232 3599; x_wconf 82' lang='lat' dir='ltr'><strong>spiratus,</strong></span> <span class='ocrx_word' id='word_1_485' title='bbox 258 3530 380 3583; x_wconf 85' lang='lat' dir='ltr'><strong>testatur</strong></span> <span class='ocrx_word' id='word_1_486' title='bbox 408 3472 561 3582; x_wconf 63' lang='lat' dir='ltr'><strong>Bominum</strong></span> <span class='ocrx_word' id='word_1_487' title='bbox 592 3544 676 3585; x_wconf 90' lang='lat' dir='ltr'><strong>suum</strong></span> <span class='ocrx_word' id='word_1_488' title='bbox 706 3513 709 3645; x_wconf 51' lang='lat' dir='ltr'>j</span> <span class='ocrx_word' id='word_1_489' title='bbox 736 3527 843 3585; x_wconf 86' lang='lat' dir='ltr'><strong>domini</strong></span> <span class='ocrx_word' id='word_1_490' title='bbox 860 3533 1027 3600; x_wconf 70' lang='lat' dir='ltr'><strong>pamntum3</strong></span> <span class='ocrx_word' id='word_1_491' title='bbox 1050 3526 1127 3583; x_wconf 84' lang='lat' dir='ltr'><strong>lilius</strong></span> <span class='ocrx_word' id='word_1_492' title='bbox 1146 3527 1225 3583; x_wconf 85' lang='lat' dir='ltr'><strong>enirn</strong></span> <span class='ocrx_word' id='word_1_493' title='bbox 1241 3528 1320 3582; x_wconf 86' lang='lat' dir='ltr'><strong>debet</strong></span> 
     </span>
     <span class='ocr_line' id='line_1_46' title="bbox 88 3596 1318 3675; baseline -0.004 -17"><span class='ocrx_word' id='word_1_494' title='bbox 88 3598 249 3666; x_wconf 67' lang='lat' dir='ltr'><strong>Christum</strong></span> <span class='ocrx_word' id='word_1_495' title='bbox 265 3613 333 3669; x_wconf 77' lang='lat' dir='ltr'><strong>ergo</strong></span> <span class='ocrx_word' id='word_1_496' title='bbox 345 3614 402 3655; x_wconf 90' lang='lat' dir='ltr'><strong>non</strong></span> <span class='ocrx_word' id='word_1_497' title='bbox 418 3598 510 3654; x_wconf 88' lang='lat' dir='ltr'><strong>solum</strong></span> <span class='ocrx_word' id='word_1_498' title='bbox 526 3599 612 3656; x_wconf 87' lang='lat' dir='ltr'><strong>babet</strong></span> <span class='ocrx_word' id='word_1_499' title='bbox 627 3614 677 3655; x_wconf 93' lang='lat' dir='ltr'><strong>na·</strong></span> <span class='ocrx_word' id='word_1_500' title='bbox 706 3662 709 3675; x_wconf 44' lang='grc' dir='ltr'>Ι</span> <span class='ocrx_word' id='word_1_501' title='bbox 735 3616 799 3657; x_wconf 84' lang='lat' dir='ltr'><strong>esse</strong></span> <span class='ocrx_word' id='word_1_502' title='bbox 814 3600 959 3671; x_wconf 71' lang='lat' dir='ltr'><strong>subiectus</strong></span> <span class='ocrx_word' id='word_1_503' title='bbox 973 3597 1056 3670; x_wconf 84' lang='lat' dir='ltr'><strong>patri,</strong></span> <span class='ocrx_word' id='word_1_504' title='bbox 1074 3603 1104 3655; x_wconf 90' lang='lat' dir='ltr'><strong>et</strong></span> <span class='ocrx_word' id='word_1_505' title='bbox 1121 3614 1180 3655; x_wconf 91' lang='lat' dir='ltr'><strong>non</strong></span> <span class='ocrx_word' id='word_1_506' title='bbox 1196 3596 1318 3655; x_wconf 82' lang='lat' dir='ltr'><strong>dominn-</strong></span> 
     </span>
     <span class='ocr_line' id='line_1_47' title="bbox 88 3669 1319 3742; baseline -0.003 -14"><span class='ocrx_word' id='word_1_507' title='bbox 88 3678 181 3729; x_wconf 89' lang='lat' dir='ltr'><strong>turam</strong></span> <span class='ocrx_word' id='word_1_508' title='bbox 198 3685 282 3742; x_wconf 91' lang='lat' dir='ltr'><strong>quam</strong></span> <span class='ocrx_word' id='word_1_509' title='bbox 302 3669 386 3726; x_wconf 81' lang='lat' dir='ltr'><strong>traxit</strong></span> <span class='ocrx_word' id='word_1_510' title='bbox 404 3669 440 3726; x_wconf 94' lang='lat' dir='ltr'><strong>ab</strong></span> <span class='ocrx_word' id='word_1_511' title='bbox 463 3669 537 3741; x_wconf 88' lang='lat' dir='ltr'><strong>ipso,</strong></span> <span class='ocrx_word' id='word_1_512' title='bbox 561 3670 611 3727; x_wconf 81' lang='lat' dir='ltr'><strong>sad</strong></span> <span class='ocrx_word' id='word_1_513' title='bbox 628 3672 676 3728; x_wconf 91' lang='lat' dir='ltr'><strong>al·</strong></span> <span class='ocrx_word' id='word_1_514' title='bbox 706 3682 709 3729; x_wconf 91' lang='lat' dir='ltr'><strong>l</strong></span> <span class='ocrx_word' id='word_1_515' title='bbox 736 3671 771 3728; x_wconf 91' lang='lat' dir='ltr'><strong>ri.</strong></span> <span class='ocrx_word' id='word_1_516' title='bbox 784 3671 868 3738; x_wconf 84' lang='lat' dir='ltr'><strong>Quasi</strong></span> <span class='ocrx_word' id='word_1_517' title='bbox 880 3670 1004 3727; x_wconf 85' lang='lat' dir='ltr'><strong>diceret:</strong></span> <span class='ocrx_word' id='word_1_518' title='bbox 1020 3669 1319 3732; x_wconf 76' lang='lat' dir='ltr'><strong>Cumsenundumna·</strong></span> 
     </span>
     <span class='ocr_line' id='line_1_48' title="bbox 88 3740 1322 3814; baseline -0.006 -13"><span class='ocrx_word' id='word_1_519' title='bbox 88 3744 201 3807; x_wconf 87' lang='lat' dir='ltr'><strong>liorem,</strong></span> <span class='ocrx_word' id='word_1_520' title='bbox 218 3742 376 3800; x_wconf 86' lang='lat' dir='ltr'><strong>secundum</strong></span> <span class='ocrx_word' id='word_1_521' title='bbox 392 3758 477 3814; x_wconf 86' lang='lat' dir='ltr'><strong>quam</strong></span> <span class='ocrx_word' id='word_1_522' title='bbox 500 3741 606 3800; x_wconf 85' lang='lat' dir='ltr'><strong>dieitur</strong></span> <span class='ocrx_word' id='word_1_523' title='bbox 621 3744 677 3800; x_wconf 87' lang='lat' dir='ltr'><strong>Do·</strong></span> <span class='ocrx_word' id='word_1_524' title='bbox 706 3744 709 3783; x_wconf 83' lang='lat'><strong>¹</strong></span> <span class='ocrx_word' id='word_1_525' title='bbox 735 3746 830 3800; x_wconf 92' lang='lat' dir='ltr'><strong>turam</strong></span> <span class='ocrx_word' id='word_1_526' title='bbox 846 3744 1011 3811; x_wconf 79' lang='lat' dir='ltr'><strong>humanum,</strong></span> <span class='ocrx_word' id='word_1_527' title='bbox 1031 3741 1068 3798; x_wconf 89' lang='lat' dir='ltr'><strong>sit</strong></span> <span class='ocrx_word' id='word_1_528' title='bbox 1086 3740 1164 3798; x_wconf 86' lang='lat' dir='ltr'><strong>lilius</strong></span> <span class='ocrx_word' id='word_1_529' title='bbox 1180 3740 1279 3800; x_wconf 80' lang='lat' dir='ltr'><strong>David.</strong></span> <span class='ocrx_word' id='word_1_530' title='bbox 1295 3743 1322 3796; x_wconf 89' lang='lat' dir='ltr'><strong>et</strong></span> 
     </span>
     <span class='ocr_line' id='line_1_49' title="bbox 90 3811 1322 3893; baseline -0.006 -20"><span class='ocrx_word' id='word_1_531' title='bbox 90 3817 184 3874; x_wconf 88' lang='lat' dir='ltr'><strong>minus</strong></span> <span class='ocrx_word' id='word_1_532' title='bbox 196 3816 268 3889; x_wconf 85' lang='lat' dir='ltr'><strong>ejus,</strong></span> <span class='ocrx_word' id='word_1_533' title='bbox 281 3813 388 3871; x_wconf 78' lang='lat' dir='ltr'><strong>scilicet</strong></span> <span class='ocrx_word' id='word_1_534' title='bbox 397 3820 527 3871; x_wconf 85' lang='lat' dir='ltr'><strong>naturam</strong></span> <span class='ocrx_word' id='word_1_535' title='bbox 539 3813 676 3884; x_wconf 83' lang='lat' dir='ltr'><strong>divinam,</strong></span> <span class='ocrx_word' id='word_1_536' title='bbox 706 3814 709 3861; x_wconf 89' lang='lat' dir='ltr'><strong>l</strong></span> <span class='ocrx_word' id='word_1_537' title='bbox 735 3830 788 3888; x_wconf 91' lang='lat' dir='ltr'><strong>per</strong></span> <span class='ocrx_word' id='word_1_538' title='bbox 805 3829 983 3886; x_wconf 84' lang='lat' dir='ltr'><strong>consequens</strong></span> <span class='ocrx_word' id='word_1_539' title='bbox 1002 3829 1035 3893; x_wconf 85' lang='lat' dir='ltr'><strong>eo</strong></span> <span class='ocrx_word' id='word_1_540' title='bbox 1061 3811 1193 3879; x_wconf 80' lang='lat' dir='ltr'><strong>interior,</strong></span> <span class='ocrx_word' id='word_1_541' title='bbox 1213 3818 1322 3885; x_wconf 86' lang='lat' dir='ltr'><strong>oportet</strong></span> 
     </span>
     <span class='ocr_line' id='line_1_50' title="bbox 89 3866 1322 3961; baseline -0.006 -15"><span class='ocrx_word' id='word_1_542' title='bbox 89 3888 229 3961; x_wconf 85' lang='lat' dir='ltr'><strong>quianon</strong></span> <span class='ocrx_word' id='word_1_543' title='bbox 246 3887 389 3945; x_wconf 86' lang='lat' dir='ltr'><strong>estbomo</strong></span> <span class='ocrx_word' id='word_1_544' title='bbox 406 3885 480 3943; x_wconf 85' lang='lat' dir='ltr'><strong>lilius</strong></span> <span class='ocrx_word' id='word_1_545' title='bbox 499 3896 528 3943; x_wconf 93' lang='lat' dir='ltr'><strong>et</strong></span> <span class='ocrx_word' id='word_1_546' title='bbox 545 3886 678 3945; x_wconf 90' lang='lat' dir='ltr'><strong>dominus</strong></span> <span class='ocrx_word' id='word_1_547' title='bbox 706 3866 709 3917; x_wconf 70' lang='lat'><strong>¹</strong></span> <span class='ocrx_word' id='word_1_548' title='bbox 735 3901 844 3959; x_wconf 88' lang='lat' dir='ltr'><strong>ponere</strong></span> <span class='ocrx_word' id='word_1_549' title='bbox 873 3885 902 3943; x_wconf 93' lang='lat' dir='ltr'><strong>in</strong></span> <span class='ocrx_word' id='word_1_550' title='bbox 931 3901 967 3943; x_wconf 89' lang='lat' dir='ltr'><strong>en</strong></span> <span class='ocrx_word' id='word_1_551' title='bbox 992 3885 1080 3943; x_wconf 85' lang='lat' dir='ltr'><strong>altam</strong></span> <span class='ocrx_word' id='word_1_552' title='bbox 1102 3889 1247 3952; x_wconf 82' lang='lat' dir='ltr'><strong>naturam,</strong></span> <span class='ocrx_word' id='word_1_553' title='bbox 1274 3897 1322 3956; x_wconf 90' lang='lat' dir='ltr'><strong>per</strong></span> 
     </span>
     <span class='ocr_line' id='line_1_51' title="bbox 87 3944 1322 4038; baseline -0.004 -21"><span class='ocrx_word' id='word_1_554' title='bbox 87 3960 231 4028; x_wconf 81' lang='lat' dir='ltr'><strong>alterius,</strong></span> <span class='ocrx_word' id='word_1_555' title='bbox 252 3959 408 4017; x_wconf 80' lang='lat' dir='ltr'><strong>seeundum</strong></span> <span class='ocrx_word' id='word_1_556' title='bbox 433 3961 563 4016; x_wconf 86' lang='lat' dir='ltr'><strong>eamdem</strong></span> <span class='ocrx_word' id='word_1_557' title='bbox 589 3965 679 4016; x_wconf 89' lang='lat' dir='ltr'><strong>natu·</strong></span> <span class='ocrx_word' id='word_1_558' title='bbox 707 3944 709 4007; x_wconf 77' lang='lat' dir='ltr'><strong>l</strong></span> <span class='ocrx_word' id='word_1_559' title='bbox 736 3956 873 4029; x_wconf 84' lang='lat' dir='ltr'><strong>quamsit</strong></span> <span class='ocrx_word' id='word_1_560' title='bbox 895 3954 1034 4015; x_wconf 88' lang='lat' dir='ltr'><strong>Dominus</strong></span> <span class='ocrx_word' id='word_1_561' title='bbox 1048 3958 1112 4027; x_wconf 84' lang='lat' dir='ltr'><strong>ejus</strong></span> <span class='ocrx_word' id='word_1_562' title='bbox 1133 3960 1217 4038; x_wconf 24' lang='lat' dir='ltr'><strong>elren</strong></span> <span class='ocrx_word' id='word_1_563' title='bbox 1239 3971 1322 4028; x_wconf 85' lang='lat' dir='ltr'><strong>supe·</strong></span> 
     </span>
     <span class='ocr_line' id='line_1_52' title="bbox 87 4012 1322 4109; baseline -0.005 -21"><span class='ocrx_word' id='word_1_564' title='bbox 87 4048 149 4089; x_wconf 84' lang='lat' dir='ltr'><strong>ram</strong></span> <span class='ocrx_word' id='word_1_565' title='bbox 166 4050 173 4089; x_wconf 76' lang='grc' dir='ltr'><em>τ</em></span> <span class='ocrx_word' id='word_1_566' title='bbox 189 4048 257 4104; x_wconf 81' lang='lat' dir='ltr'><strong>ergo</strong></span> <span class='ocrx_word' id='word_1_567' title='bbox 270 4037 313 4089; x_wconf 88' lang='lat' dir='ltr'><strong>est</strong></span> <span class='ocrx_word' id='word_1_568' title='bbox 327 4029 384 4088; x_wconf 89' lang='lat' dir='ltr'><strong>alia</strong></span> <span class='ocrx_word' id='word_1_569' title='bbox 399 4036 501 4087; x_wconf 83' lang='lat' dir='ltr'><strong>natura</strong></span> <span class='ocrx_word' id='word_1_570' title='bbox 518 4030 678 4088; x_wconf 79' lang='lat' dir='ltr'><strong>secundum</strong></span> <span class='ocrx_word' id='word_1_571' title='bbox 707 4012 710 4089; x_wconf 76' lang='lat' dir='ltr'><strong>l</strong></span> <span class='ocrx_word' id='word_1_572' title='bbox 736 4029 805 4088; x_wconf 85' lang='lat' dir='ltr'><strong>rior.</strong></span> <span class='ocrx_word' id='word_1_573' title='bbox 823 4037 851 4086; x_wconf 91' lang='lat' dir='ltr'><strong>et</strong></span> <span class='ocrx_word' id='word_1_574' title='bbox 868 4029 930 4086; x_wconf 83' lang='lat' dir='ltr'><strong>baec</strong></span> <span class='ocrx_word' id='word_1_575' title='bbox 944 4034 988 4086; x_wconf 85' lang='lat' dir='ltr'><strong>est</strong></span> <span class='ocrx_word' id='word_1_576' title='bbox 1002 4033 1106 4085; x_wconf 87' lang='lat' dir='ltr'><strong>natura</strong></span> <span class='ocrx_word' id='word_1_577' title='bbox 1120 4029 1239 4109; x_wconf 53' lang='lat' dir='ltr'><strong>diunap</strong></span> <span class='ocrx_word' id='word_1_578' title='bbox 1256 4041 1322 4101; x_wconf 78' lang='lat' dir='ltr'><strong>ergo</strong></span> 
     </span>
     <span class='ocr_line' id='line_1_53' title="bbox 88 4096 1325 4174; baseline -0.006 -14"><span class='ocrx_word' id='word_1_579' title='bbox 88 4119 175 4174; x_wconf 83' lang='lat' dir='ltr'><strong>quam</strong></span> <span class='ocrx_word' id='word_1_580' title='bbox 191 4111 233 4161; x_wconf 69' lang='lat' dir='ltr'><strong>est</strong></span> <span class='ocrx_word' id='word_1_581' title='bbox 251 4103 335 4170; x_wconf 80' lang='lat' dir='ltr'><strong>lilius,</strong></span> <span class='ocrx_word' id='word_1_582' title='bbox 352 4110 380 4160; x_wconf 89' lang='lat' dir='ltr'><strong>et</strong></span> <span class='ocrx_word' id='word_1_583' title='bbox 399 4103 459 4160; x_wconf 81' lang='lat' dir='ltr'><strong>ltaee</strong></span> <span class='ocrx_word' id='word_1_584' title='bbox 474 4107 518 4159; x_wconf 86' lang='lat' dir='ltr'><strong>nst</strong></span> <span class='ocrx_word' id='word_1_585' title='bbox 535 4104 676 4169; x_wconf 84' lang='lat' dir='ltr'><strong>bumanu3</strong></span> <span class='ocrx_word' id='word_1_586' title='bbox 707 4096 710 4128; x_wconf 87' lang='lat'><em>¹</em></span> <span class='ocrx_word' id='word_1_587' title='bbox 737 4099 765 4159; x_wconf 94' lang='lat' dir='ltr'><strong>in</strong></span> <span class='ocrx_word' id='word_1_588' title='bbox 780 4099 893 4158; x_wconf 84' lang='lat' dir='ltr'><strong>Christo</strong></span> <span class='ocrx_word' id='word_1_589' title='bbox 904 4107 970 4157; x_wconf 78' lang='lat' dir='ltr'><strong>sunt</strong></span> <span class='ocrx_word' id='word_1_590' title='bbox 983 4100 1047 4157; x_wconf 80' lang='lat' dir='ltr'><strong>dure</strong></span> <span class='ocrx_word' id='word_1_591' title='bbox 1062 4105 1184 4169; x_wconf 74' lang='lat' dir='ltr'><strong>nature,</strong></span> <span class='ocrx_word' id='word_1_592' title='bbox 1199 4098 1325 4157; x_wconf 81' lang='lat' dir='ltr'><strong>scilicet:</strong></span> 
     </span>
     <span class='ocr_line' id='line_1_54' title="bbox 86 4169 1325 4255; baseline -0.002 -25"><span class='ocrx_word' id='word_1_593' title='bbox 86 4173 144 4231; x_wconf 89' lang='lat' dir='ltr'><strong>alia</strong></span> <span class='ocrx_word' id='word_1_594' title='bbox 160 4175 318 4233; x_wconf 89' lang='lat' dir='ltr'><strong>secundum</strong></span> <span class='ocrx_word' id='word_1_595' title='bbox 332 4190 417 4248; x_wconf 86' lang='lat' dir='ltr'><strong>quam</strong></span> <span class='ocrx_word' id='word_1_596' title='bbox 429 4179 471 4232; x_wconf 88' lang='lat' dir='ltr'><strong>est</strong></span> <span class='ocrx_word' id='word_1_597' title='bbox 485 4172 634 4236; x_wconf 81' lang='lat' dir='ltr'><strong>Dominus.</strong></span> <span class='ocrx_word' id='word_1_598' title='bbox 650 4177 680 4231; x_wconf 89' lang='lat' dir='ltr'><strong>et</strong></span> <span class='ocrx_word' id='word_1_599' title='bbox 738 4171 834 4230; x_wconf 84' lang='lat' dir='ltr'><strong>divina</strong></span> <span class='ocrx_word' id='word_1_600' title='bbox 857 4177 886 4230; x_wconf 91' lang='lat' dir='ltr'><strong>el</strong></span> <span class='ocrx_word' id='word_1_601' title='bbox 908 4173 1044 4230; x_wconf 85' lang='lat' dir='ltr'><strong>humana.</strong></span> <span class='ocrx_word' id='word_1_602' title='bbox 1072 4172 1121 4228; x_wconf 76' lang='lat' dir='ltr'><strong>list</strong></span> <span class='ocrx_word' id='word_1_603' title='bbox 1141 4169 1237 4255; x_wconf 78' lang='lat' dir='ltr'><strong>itaque</strong></span> <span class='ocrx_word' id='word_1_604' title='bbox 1253 4169 1325 4228; x_wconf 81' lang='lat' dir='ltr'><strong>lilius</strong></span> 
     </span>
     <span class='ocr_line' id='line_1_55' title="bbox 88 4242 1326 4320; baseline -0.002 -19"><span class='ocrx_word' id='word_1_605' title='bbox 88 4245 150 4301; x_wconf 74' lang='lat' dir='ltr'><strong>baec</strong></span> <span class='ocrx_word' id='word_1_606' title='bbox 164 4252 207 4303; x_wconf 87' lang='lat' dir='ltr'><strong>est</strong></span> <span class='ocrx_word' id='word_1_607' title='bbox 222 4246 328 4305; x_wconf 88' lang='lat' dir='ltr'><strong>divina.</strong></span> <span class='ocrx_word' id='word_1_608' title='bbox 345 4278 378 4291; x_wconf 93' lang='lat'><strong>-·</strong></span> <span class='ocrx_word' id='word_1_609' title='bbox 393 4247 522 4306; x_wconf 78' lang='lat' dir='ltr'><strong>Secniido</strong></span> <span class='ocrx_word' id='word_1_610' title='bbox 541 4246 681 4320; x_wconf 84' lang='lat' dir='ltr'><strong>probatur</strong></span> <span class='ocrx_word' id='word_1_611' title='bbox 740 4244 828 4303; x_wconf 82' lang='lat' dir='ltr'><strong>David</strong></span> <span class='ocrx_word' id='word_1_612' title='bbox 841 4249 870 4301; x_wconf 89' lang='lat' dir='ltr'><strong>et</strong></span> <span class='ocrx_word' id='word_1_613' title='bbox 882 4243 1032 4301; x_wconf 84' lang='lat' dir='ltr'><strong>Dominus:</strong></span> <span class='ocrx_word' id='word_1_614' title='bbox 1044 4243 1094 4300; x_wconf 90' lang='lat' dir='ltr'><strong>sed</strong></span> <span class='ocrx_word' id='word_1_615' title='bbox 1104 4242 1183 4300; x_wconf 84' lang='lat' dir='ltr'><strong>lilius</strong></span> <span class='ocrx_word' id='word_1_616' title='bbox 1196 4260 1226 4301; x_wconf 84' lang='lat' dir='ltr'><strong>tn</strong></span> <span class='ocrx_word' id='word_1_617' title='bbox 1239 4258 1326 4316; x_wconf 80' lang='lat' dir='ltr'><strong>quan</strong></span> 
     </span>
     <span class='ocr_line' id='line_1_56' title="bbox 88 4313 1325 4390; baseline -0.002 -17"><span class='ocrx_word' id='word_1_618' title='bbox 88 4313 165 4373; x_wconf 87' lang='lat' dir='ltr'><strong>idem</strong></span> <span class='ocrx_word' id='word_1_619' title='bbox 183 4316 224 4374; x_wconf 87' lang='lat' dir='ltr'><strong>eie</strong></span> <span class='ocrx_word' id='word_1_620' title='bbox 242 4333 249 4373; x_wconf 81' lang='lat' dir='ltr'><strong>t</strong></span> <span class='ocrx_word' id='word_1_621' title='bbox 272 4317 387 4390; x_wconf 87' lang='lat' dir='ltr'><strong>quando</strong></span> <span class='ocrx_word' id='word_1_622' title='bbox 406 4318 496 4379; x_wconf 81' lang='lat' dir='ltr'><strong>David</strong></span> <span class='ocrx_word' id='word_1_623' title='bbox 517 4319 573 4379; x_wconf 83' lang='lat' dir='ltr'><strong>boe</strong></span> <span class='ocrx_word' id='word_1_624' title='bbox 597 4316 679 4388; x_wconf 84' lang='lat' dir='ltr'><strong>dixit,</strong></span> <span class='ocrx_word' id='word_1_625' title='bbox 739 4321 800 4373; x_wconf 90' lang='lat' dir='ltr'><strong>tum</strong></span> <span class='ocrx_word' id='word_1_626' title='bbox 813 4317 910 4386; x_wconf 83' lang='lat' dir='ltr'><strong>horno,</strong></span> <span class='ocrx_word' id='word_1_627' title='bbox 925 4314 1064 4374; x_wconf 82' lang='lat' dir='ltr'><strong>Dominus</strong></span> <span class='ocrx_word' id='word_1_628' title='bbox 1078 4321 1176 4374; x_wconf 83' lang='lat' dir='ltr'><strong>autern</strong></span> <span class='ocrx_word' id='word_1_629' title='bbox 1186 4314 1216 4373; x_wconf 94' lang='lat' dir='ltr'><strong>in</strong></span> <span class='ocrx_word' id='word_1_630' title='bbox 1228 4330 1325 4388; x_wconf 82' lang='lat' dir='ltr'><strong>qnan-</strong></span> 
     </span>
    </p>
   </div>
   <div class='ocr_carea' id='block_1_3' title="bbox 0 0 1422 4928">
    <p class='ocr_par' dir='ltr' id='par_1_4' title="bbox 0 0 1422 4928">
     <span class='ocr_line' id='line_1_57' title="bbox 0 0 1422 4928; baseline 0 0"><span class='ocrx_word' id='word_1_631' title='bbox 0 0 1422 4928; x_wconf 95' lang='lat' dir='ltr'><strong> </strong></span> 
     </span>
    </p>
   </div>
  </div>
 </body>
</html>
