2820 4928
418 352 458 407 ud
484 352 636 408 invellit]
662 352 800 409 CHRISTI
827 352 965 409 tunicis.

74 459 329 536 quemadmodum,
340 461 364 517 si
379 460 442 533 quis
456 460 549 534 lapide
561 462 660 520 vulne-

73 543 164 603 ratus,
194 534 286 606 ipsum
311 533 435 590 ostendit
456 533 590 607 lapidem.
617 535 659 591 vel

73 622 127 664 aua
145 610 315 663 vestimenta
330 609 471 677 sanguiue
492 607 657 665 inudclacta.

72 680 280 747 Et,sccundum
290 679 420 735 cumdem
430 681 658 749 chrysostomum,

72 767 131 807 nou
147 750 202 808 erit
223 768 289 807 crux
304 750 421 822 lignum,
438 749 466 807 in
487 768 542 824 quo
554 752 659 809 scilieet

70 839 173 896 passus
187 827 231 880 est
246 826 394 891 dominus,
410 824 461 880 sed
482 824 526 881 lox
541 824 569 880 in
596 843 655 883 nio·

72 896 140 952 dum
155 895 247 953 crucis
261 895 436 965 splendidior
451 898 520 953 sole,
536 900 588 954 l‘er
605 900 658 954 lioe

73 974 169 1025 autem
196 968 309 1037 signum
326 968 419 1024 crucis
447 968 567 1042 intelligi
597 988 659 1041 pos·

71 1045 138 1097 sunt
152 1042 238 1097 etiarn
247 1040 304 1098 alia
317 1039 408 1112 signu,
426 1046 454 1097 ct
466 1041 658 1100 instrumenta

70 1128 130 1169 suae
147 1113 287 1169 Passionis
310 1120 338 1169 et
354 1120 452 1169 mortis
481 1131 488 1170 z
519 1121 550 1170 ut
574 1114 657 1186 clavi,

70 1183 180 1252 lancea,
194 1201 308 1253 corona,
323 1190 351 1241 et
371 1186 495 1257 llagella,
509 1203 573 1258 qum
590 1203 657 1258 qua-

70 1256 95 1313 si
119 1257 222 1314 uexilla
246 1257 393 1327 triumphi,
420 1267 447 1314 et
478 1258 604 1315 victoriae
629 1259 657 1315 in

65 1328 207 1401 judicium
228 1330 399 1386 delerentur.
427 1330 547 1398 Quidam
562 1337 657 1389 autem

68 1416 121 1473 pei·
136 1403 190 1458 hoc
210 1401 371 1474 intelligunt
386 1401 529 1458 cicatrices
542 1419 592 1459 seu
607 1402 656 1459 sti·

65 1481 176 1545 gmata,
196 1481 225 1531 et
242 1474 434 1531 testimonium
456 1474 598 1531 Passionis
629 1477 657 1532 in

66 1561 154 1602 carne
169 1548 244 1614 iesu,
263 1554 293 1603 ut
307 1546 458 1620 impleatur
472 1546 541 1603 illud
556 1548 658 1605 Zacha-

65 1617 119 1675 riae
136 1620 301 1691 :Aspicicnt
312 1621 350 1675 od
364 1637 415 1687 me,
436 1636 516 1691 quem
535 1623 654 1691 conflic-

65 1697 144 1747 nmt.
154 1692 233 1748 Unde
243 1691 282 1749 ait
293 1695 475 1762 Hieronymus
488 1711 495 1748 :
510 1715 524 1745 «
535 1694 654 1765 Signum

63 1767 163 1820 autem
178 1763 224 1820 liic
238 1764 328 1820 crucis
341 1764 545 1835 intelligamus,
562 1771 594 1821 ut
606 1768 653 1823 Ju-

65 1834 122 1892 daei
139 1838 253 1893 rideant
268 1835 295 1892 in
311 1854 396 1909 quem
417 1844 651 1909 compunxerunt,

65 1912 117 1964 aut
131 1907 263 1964 vexillum
274 1909 340 1965 fidei
350 1909 465 1965 victoris
477 1909 654 1982 triuniplian·

65 1981 132 2036 tis.»
142 1981 302 2038 Secundum
314 1983 543 2051 chrysostomum,
553 1998 652 2053 queni-

64 2052 223 2110 admodum
254 2052 431 2121 ingrediente
454 2070 521 2125 roge
552 2053 581 2109 in
609 2054 650 2109 ci·

66 2122 194 2193 vitatem,
213 2125 354 2182 exercitus
375 2126 528 2194 antecedit,
553 2125 598 2210 qui
615 2125 650 2182 si·

64 2212 123 2269 gna
137 2204 223 2269 atque
241 2197 342 2255 vexilla
367 2197 475 2271 regalia
496 2200 650 2280 praeterens

65 2274 218 2327 annuntiat
230 2272 305 2342 regis
318 2272 482 2342 introitum,
496 2287 544 2340 na,
558 2272 651 2327 Demi·

64 2356 103 2399 no
125 2342 314 2399 descendente
340 2342 485 2412 decretio,
508 2344 650 2415 praecedet

63 2413 204 2471 exercilus
221 2415 394 2486 Angelorum
414 2420 443 2472 ct
459 2417 648 2487 Archangelu-

61 2502 139 2557 rum,
155 2487 202 2559 qni
218 2490 330 2559 signum
342 2490 474 2545 crucisut
490 2488 648 2559 triumplia-

62 2557 89 2615 le
124 2560 257 2616 vexillum
292 2562 487 2632 praeferentes,
519 2561 647 2617 divinum

63 2630 149 2703 Regis
166 2630 289 2688 coelestis
313 2633 475 2705 ingressum
496 2635 579 2691 terris
594 2639 649 2690 tro-

60 2705 207 2761 ineutibus
222 2705 407 2763 nuntiabunt.

98 2797 113 2833 2
131 2777 271 2835 Pnincrus
284 2796 388 2835 ouriiuii
401 2795 494 2834 reunia
516 2794 649 2833 ueniren-

58 2865 136 2906 ricii.
152 2879 187 2894 -
208 2855 243 2907 lit
259 2857 331 2913 tunc.
345 2850 449 2908 scilicet
465 2867 528 2907 cuin
548 2850 648 2906 trium·

59 2921 148 3003 phale
163 2923 294 2981 vexillum
307 2923 452 2989 ridebunt,
461 2925 594 2994 plangent
606 2938 647 2990 se,

58 2996 312 3065 inconsolabiliter,
326 3013 389 3053 sero
405 3002 554 3053 accusante
575 3010 648 3050 con-

59 3064 192 3136 scicntia,
217 3085 307 3125 omncs
336 3069 424 3124 tribus
446 3074 531 3133 terrae,
562 3064 649 3122 idest

59 3137 150 3209 aliqui
166 3140 200 3197 de
216 3141 346 3198 omnibus
361 3140 500 3208 tribulius,
515 3143 543 3194 ct
558 3139 648 3194 natio-

60 3211 157 3280 nibus
170 3211 277 3270 scilicet
290 3212 355 3270 mali
366 3213 541 3282 ;i'el,oniues
555 3208 647 3267 tribus

62 3287 158 3349 terrae,
174 3284 203 3341 id
222 3291 266 3342 est
278 3302 377 3342 omnes
392 3286 522 3340 lioinincs
541 3281 647 3339 terrciii

61 3362 91 3411 et
108 3355 211 3428 iniqui,
228 3361 274 3430 qui
300 3364 416 3415 terrena
431 3356 598 3415 dilexerunt.
619 3362 648 3411 et

60 3443 96 3483 ca
110 3430 168 3484 Deo
182 3434 408 3503 praeposuerunt,
420 3430 466 3500 qui
480 3445 543 3485 eoin
557 3432 646 3484 terre·

62 3516 100 3555 na
116 3501 259 3560 voluntate
271 3504 464 3569 decesserunt,
474 3500 576 3572 quilius
586 3516 649 3569 gra·

61 3572 104 3627 iis
119 3579 147 3629 ct
159 3573 366 3631 tristabiliserit
380 3574 515 3630 mlientin¹
528 3572 645 3642 indicis,

61 3659 147 3716 quent
162 3650 283 3703 terrenis
303 3653 529 3718 postposuerunt.
549 3648 581 3701 Et
602 3662 646 3701 re-

62 3723 105 3774 cte
119 3717 206 3775 dicit:
224 3719 314 3776 trilms
335 3726 429 3787 tcrmr,
446 3718 523 3790 quia,
534 3726 563 3772 ut
579 3719 647 3773 dicit

61 3791 253 3860 Hieronymus,
269 3791 297 3848 lii
318 3792 453 3862 plangent
467 3789 515 3861 qni
530 3788 646 3844 munici-

62 3870 159 3932 patum
174 3880 229 3921 non
246 3864 353 3920 liabent
366 3863 393 3918 in
411 3861 500 3929 ciclis,
519 3861 568 3916 scd
579 3860 646 3916 scri·

61 3938 100 4005 pti
118 3944 186 3991 sunt
202 3939 325 3993 interra.
347 3937 397 3992 Ulii
417 3938 644 4003 chrysostomus:

61 4026 75 4057 n
98 4007 238 4080 Plangcnt
251 4009 353 4076 ludaei,
372 4009 505 4076 plangent
524 4011 552 4062 el
571 4006 645 4061 Gen-

58 4076 135 4159 tiles,
151 4081 287 4153 plangcnt
301 4087 330 4138 et
345 4079 508 4145 Christiani,
523 4074 571 4150 qui
586 4094 647 4159 ina-

57 4166 104 4222 gis
118 4150 277 4211 dilexerunt
299 4152 434 4209 mnndum
450 4168 536 4223 qnam
559 4150 645 4230 Clini-

57 4230 155 4294 stum,
171 4243 228 4283 nou
253 4225 294 4282 sic
317 4230 413 4282 autem
436 4225 526 4281 tribus
549 4224 646 4279 Dioni-

58 4296 90 4353 ni
102 4315 110 4354 i
121 4300 192 4354 illue
207 4302 280 4355 enim
296 4299 476 4356 osceiiderioit
490 4296 579 4353 tribus
594 4296 645 4349 tri-

58 4368 110 4429 dua
126 4373 254 4441 Domini,
278 4372 316 4429 od
339 4372 521 4442 confitendum
540 4369 646 4425 nomini

155 4470 226 4525 Viro
236 4468 304 4523 desii
314 4469 433 4531 (innisae
446 4481 532 4521 aeuus
542 4467 591 4519 lll.

1258 357 1307 411 273

719 461 1304 547 nomini.Plangentautemsemetipsos,id

720 541 763 592 est
773 552 850 592 snam
865 535 975 600 colpam
991 551 1075 607 qnam
1087 540 1301 607 commiserunt,

718 624 797 664 surim
817 607 966 665 stultitiam
986 625 1069 680 quain
1092 625 1147 665 non
1172 625 1303 668 correxe-

718 686 793 750 runt,
807 696 885 737 suam
902 680 1021 749 gloriam
1035 697 1118 751 quam
1134 679 1301 752 amiserunt,

716 769 795 810 suam
813 769 925 825 poenam
940 770 1024 825 quain
1036 752 1251 810 incurrerunt.»
1268 757 1303 811 Et

716 824 840 883 iterum:
864 848 879 878 o
894 828 970 882 Tunc
996 830 1131 908 plangent
1157 842 1187 882 se
1203 843 1302 883 omnes

716 897 808 955 tribus
836 904 930 966 terrae,
956 914 1002 969 qui
1029 897 1117 971 inagis
1142 897 1302 956 dilexerunt

717 971 853 1027 mnndum
869 986 954 1042 quarn
970 971 1124 1039 Christum,
1135 986 1200 1027 curn
1216 972 1300 1028 audi·

716 1042 789 1098 crini
800 1058 864 1099 euni
878 1046 938 1100 liaec
952 1043 1037 1099 verba
1050 1043 1191 1099 dicentem
1204 1044 1299 1100 adse:

716 1116 774 1186 Ego
795 1123 911 1188 propter
930 1131 981 1172 ros
1003 1116 1088 1172 lioino
1119 1115 1211 1171 lactus
1225 1132 1298 1185 suin,

715 1194 832 1259 propter
857 1204 908 1244 vos
927 1187 1070 1260 alligatum
1085 1194 1114 1244 et
1129 1186 1254 1255 delusus,
1270 1192 1300 1242 et

714 1265 914 1333 consputus,et
925 1276 1023 1327 caesus,
1035 1268 1063 1316 et
1073 1258 1238 1327 crucitiiius3
1250 1258 1298 1316 ubi

714 1340 832 1403 estergo
842 1330 1159 1402 tantaruiuinjuriarum
1172 1346 1299 1388 mearum

714 1401 1298 1475 tructus?Ecceprmnuumsanguinismei

714 1475 1298 1548 quoddediproredemptioneanimarum

713 1556 890 1618 vostraruni;
919 1548 965 1605 ubi
985 1554 1028 1604 est
1051 1546 1172 1605 servitus
1192 1552 1296 1619 vestra,

713 1637 797 1692 quam
815 1621 884 1676 milii
898 1636 949 1693 pro
969 1618 1059 1693 prelio
1079 1619 1224 1693 sanguinis
1242 1622 1298 1677 mei

713 1692 843 1749 detietis‘l
873 1696 931 1766 Ege
956 1709 1041 1765 super
1067 1692 1187 1763 gloriam
1203 1707 1297 1750 nicam

712 1782 759 1822 vos
782 1764 878 1835 habui,
899 1782 1038 1838 apparens
1051 1765 1137 1821 homo
1156 1780 1221 1821 cuni
1246 1781 1297 1822 es-

711 1854 770 1894 sem
789 1840 879 1907 lleus3
896 1844 924 1894 et
950 1837 1075 1894 viliorem
1097 1854 1142 1894 me
1164 1835 1296 1895 omnibus

711 1911 795 1966 rebus
817 1912 918 1965 vostris
939 1909 1056 1967 lecistis.
1081 1911 1151 1965 Nam
1181 1925 1296 1966 omnem

709 1999 769 2039 reiu
782 1981 946 2037 vilissimam
958 1987 1042 2037 terrae
1061 1981 1183 2051 amplius
1200 1981 1296 2037 dilexi·

709 2054 771 2122 stis,
783 2069 867 2124 qnam
878 2053 1018 2125 justitiam
1036 2068 1139 2115 meam,
1152 2058 1181 2108 et
1196 2052 1295 2112 iidem.

708 2127 783 2182 Tunc
799 2125 885 2198 igitur
900 2126 1036 2197 plangent
1052 2141 1082 2181 se
1094 2140 1191 2180 onmes
1204 2123 1295 2182 tribus

708 2203 803 2269 terrae,
817 2197 883 2269 qnia
903 2214 953 2254 nec
974 2196 1124 2254 resistendi
1142 2195 1231 2253 virtus
1249 2200 1293 2253 est

707 2278 807 2327 contra
833 2287 909 2337 cum,
930 2287 983 2327 nec
1011 2269 1138 2340 fugiendi
1174 2268 1292 2326 facultas

705 2351 772 2400 ante
786 2341 886 2399 taciem
902 2342 1064 2425 ipsiusnec
1079 2339 1238 2423 poenitendi
1253 2341 1291 2397 lo·

706 2432 768 2483 cus;
781 2432 814 2471 eii
824 2425 955 2487 angustia
965 2431 1040 2471 enim
1053 2430 1180 2470 oninium
1195 2428 1291 2471 reruni

707 2487 777 2544 niliil
799 2490 839 2544 eis
856 2493 984 2544 remanet
998 2492 1103 2559 praeter
1117 2486 1248 2558 planctus
1262 2489 1290 2541 et

704 2560 806 2615 luctus.
822 2559 923 2615 Merito
933 2561 1069 2640 plangunt
1080 2575 1110 2613 se
1122 2577 1128 2614 ;
1142 2557 1209 2628 qnia
1221 2562 1289 2614 tunc

704 2647 795 2703 neque
815 2631 943 2703 pecuniae
962 2630 1095 2686 divitibus
1112 2636 1233 2701 prosunt
1252 2628 1288 2685 ad

704 2703 913 2776 eleemosynam
938 2701 1108 2769 taciendam,
1127 2716 1219 2772 neque
1240 2716 1291 2774 pa·

704 2782 799 2832 rentes
808 2775 877 2848 justi
890 2792 938 2846 pro
952 2773 1018 2830 siliis
1032 2772 1220 2840 intercedent,
1238 2789 1289 2828 ne-

704 2864 758 2920 quo
778 2847 829 2919 ipsi
843 2846 944 2917 angeli
956 2863 1008 2918 pro
1030 2843 1202 2913 liominilius,
1217 2843 1290 2902 sicut

704 2920 833 2976 solobuut
850 2922 942 2976 lacere
957 2919 1083 2985 verbum,
1100 2918 1230 2988 quianon
1245 2933 1288 2973 re·

704 2991 771 3063 cipit
798 2997 899 3047 natura
921 2989 1021 3061 judicii
1049 2987 1287 3058 misericordiam,

704 3063 778 3120 sicut
793 3080 846 3119 nec
868 3069 980 3135 tempus
997 3059 1198 3117 misericordiae
1210 3059 1287 3132 judi-

703 3138 788 3204 cium,
805 3135 915 3192 dicente
942 3134 1084 3207 Propliela
1104 3151 1111 3188 ε
1132 3134 1285 3188 Misericor-

702 3209 777 3263 diam
794 3213 820 3263 et
830 3208 970 3277 judicium
989 3206 1104 3262 conluto
1117 3205 1179 3268 iili,
1192 3206 1287 3260 Domi-

702 3297 751 3350 ne;
768 3279 992 3336 miscricordiam
1007 3278 1035 3334 in
1050 3277 1136 3350 priori
1151 3277 1287 3348 adventu,

698 3352 837 3425 judiciuin
854 3351 1019 3409 insecundo
1036 3367 1043 3406 :
1058 3371 1072 3401 o
1093 3351 1155 3407 haee
1168 3350 1285 3419 dorym-

701 3431 812 3482 stomus.
829 3425 908 3481 Unde
922 3431 951 3479 et
965 3425 1109 3495 Ephrem:
1131 3443 1145 3474 «
1173 3420 1285 3493 Utique,

700 3499 723 3554 si
748 3496 886 3554 sciremus
903 3497 971 3569 quid
1004 3497 1150 3551 immineat
1174 3494 1215 3550 iel
1241 3493 1287 3550 in·

702 3572 826 3638 cumliat,
843 3587 859 3626 o
879 3571 992 3637 iratres,
1013 3567 1120 3640 jugiter
1137 3566 1285 3638 plangere·

703 3660 775 3712 mus,
792 3646 879 3699 llcuni
890 3639 1088 3698 eliserraiitest
1101 3639 1129 3696 Si
1142 3638 1218 3695 enim
1227 3653 1286 3693 em-

702 3715 744 3771 nis
769 3722 900 3771 creatura
928 3713 1136 3774 contremiscet,
1169 3718 1197 3766 et
1225 3709 1287 3780 ipsa

702 3790 816 3855 agmina
833 3794 997 3842 sanctorum
1009 3783 1185 3863 Angelorum
1201 3797 1285 3852 expa-

701 3867 815 3915 vescent
842 3857 871 3914 in
900 3858 1023 3914 adrenlu
1040 3858 1111 3928 ejus,
1128 3853 1197 3925 quid
1220 3861 1287 3933 tunc

701 3931 838 3993 dicemus,
851 3932 874 3986 si
890 3931 942 3987 lioc
955 3947 1041 4002 parvo
1058 3936 1184 3997 tempure
1199 3923 1287 3994 negli-

701 4009 801 4073 genter
822 4018 855 4058 ac
880 4003 1005 4073 segniter
1029 3996 1202 4078 vixerimus?
1223 3998 1286 4067 lpse

703 4091 824 4146 namque
847 4091 898 4148 pro
918 4077 971 4130 liae
994 4072 1166 4139 negligentia
1189 4073 1287 4149 nostra

701 4150 840 4204 rationein
855 4163 873 4204 a
889 4145 969 4202 nobis
986 4142 1124 4214 exquiret,
1140 4156 1173 4195 ae
1188 4140 1284 4220 dicet:

702 4221 822 4287 Propter
849 4235 900 4276 res
936 4217 1098 4272 incarnatus
1116 4227 1189 4280 sum,
1210 4221 1238 4267 et
1256 4226 1287 4267 ru

701 4290 785 4348 terris
812 4293 909 4365 palam
938 4293 1139 4354 conversatum
1171 4288 1288 4357 propter

699 4379 750 4423 vos
765 4364 924 4438 flagellatus
945 4374 1019 4430 snm,
1039 4361 1204 4432 consputus.
1224 4353 1288 4427 pal-

1203 4460 1232 4507 ia
