<?xml version="1.0" encoding="UTF-8"?>
<!DOCTYPE html PUBLIC "-//W3C//DTD XHTML 1.0 Transitional//EN"
    "http://www.w3.org/TR/xhtml1/DTD/xhtml1-transitional.dtd">
<html xmlns="http://www.w3.org/1999/xhtml" xml:lang="en" lang="en">
 <head>
  <title>
</title>
<meta http-equiv="Content-Type" content="text/html;charset=utf-8" />
  <meta name='ocr-system' content='tesseract 3.04.00' />
  <meta name='ocr-capabilities' content='ocr_page ocr_carea ocr_par ocr_line ocrx_word'/>
</head>
<body>
  <div class='ocr_page' id='page_1' title='image "./vitajesuchristi01ludogoog_0277.png"; bbox 0 0 2820 4928; ppageno 0'>
   <div class='ocr_carea' id='block_1_1' title="bbox 85 267 980 344">
    <p class='ocr_par' dir='ltr' id='par_1_1' title="bbox 85 267 980 344">
     <span class='ocr_line' id='line_1_1' title="bbox 85 267 980 344; baseline -0.01 -13"><span class='ocrx_word' id='word_1_1' title='bbox 85 271 133 331; x_wconf 76' lang='lat' dir='ltr'><strong>tos</strong></span> <span class='ocrx_word' id='word_1_2' title='bbox 452 271 607 324; x_wconf 79' lang='lat' dir='ltr'><strong>securus</strong></span> <span class='ocrx_word' id='word_1_3' title='bbox 633 270 754 325; x_wconf 78' lang='lat' dir='ltr'><strong>vaurts</strong></span> <span class='ocrx_word' id='word_1_4' title='bbox 780 270 884 323; x_wconf 74' lang='lat' dir='ltr'><strong>untur</strong></span> <span class='ocrx_word' id='word_1_5' title='bbox 914 267 980 344; x_wconf 81' lang='lat' dir='ltr'><strong>xtt</strong></span> 
     </span>
    </p>
   </div>
   <div class='ocr_carea' id='block_1_2' title="bbox 89 371 1324 2102">
    <p class='ocr_par' dir='ltr' id='par_1_2' title="bbox 89 371 1324 2102">
     <span class='ocr_line' id='line_1_2' title="bbox 89 371 1311 449; baseline -0.002 -12"><span class='ocrx_word' id='word_1_6' title='bbox 89 376 140 437; x_wconf 87' lang='lat' dir='ltr'><strong>Dei</strong></span> <span class='ocrx_word' id='word_1_7' title='bbox 155 377 231 435; x_wconf 82' lang='lat' dir='ltr'><strong>iacta</strong></span> <span class='ocrx_word' id='word_1_8' title='bbox 244 391 331 449; x_wconf 79' lang='lat' dir='ltr'><strong>super</strong></span> <span class='ocrx_word' id='word_1_9' title='bbox 343 375 464 448; x_wconf 84' lang='lat' dir='ltr'><strong>aliquos,</strong></span> <span class='ocrx_word' id='word_1_10' title='bbox 480 375 527 447; x_wconf 91' lang='lat' dir='ltr'><strong>qui</strong></span> <span class='ocrx_word' id='word_1_11' title='bbox 546 375 594 432; x_wconf 93' lang='lat' dir='ltr'><strong>diu</strong></span> <span class='ocrx_word' id='word_1_12' title='bbox 608 393 674 449; x_wconf 84' lang='lat' dir='ltr'><strong>per·</strong></span> <span class='ocrx_word' id='word_1_13' title='bbox 731 376 768 433; x_wconf 91' lang='lat' dir='ltr'><strong>ad</strong></span> <span class='ocrx_word' id='word_1_14' title='bbox 782 390 883 449; x_wconf 83' lang='lat' dir='ltr'><strong>poenas</strong></span> <span class='ocrx_word' id='word_1_15' title='bbox 897 371 976 432; x_wconf 79' lang='lat' dir='ltr'><strong>illas.</strong></span> <span class='ocrx_word' id='word_1_16' title='bbox 994 372 1155 432; x_wconf 73' lang='lat' dir='ltr'><strong>Praedicta</strong></span> <span class='ocrx_word' id='word_1_17' title='bbox 1165 376 1311 447; x_wconf 81' lang='lat' dir='ltr'><strong>quatuorde·</strong></span> 
     </span>
     <span class='ocr_line' id='line_1_3' title="bbox 90 445 1312 519; baseline -0.002 -11"><span class='ocrx_word' id='word_1_18' title='bbox 90 453 293 508; x_wconf 86' lang='lat' dir='ltr'><strong>severaverant</strong></span> <span class='ocrx_word' id='word_1_19' title='bbox 308 448 335 504; x_wconf 92' lang='lat' dir='ltr'><strong>in</strong></span> <span class='ocrx_word' id='word_1_20' title='bbox 351 464 455 519; x_wconf 84' lang='lat' dir='ltr'><strong>magua</strong></span> <span class='ocrx_word' id='word_1_21' title='bbox 480 448 631 506; x_wconf 86' lang='lat' dir='ltr'><strong>sanctitate</strong></span> <span class='ocrx_word' id='word_1_22' title='bbox 649 459 677 506; x_wconf 88' lang='lat' dir='ltr'><strong>et</strong></span> <span class='ocrx_word' id='word_1_23' title='bbox 732 447 787 504; x_wconf 91' lang='lat' dir='ltr'><strong>cim</strong></span> <span class='ocrx_word' id='word_1_24' title='bbox 803 446 927 505; x_wconf 86' lang='lat' dir='ltr'><strong>rationes</strong></span> <span class='ocrx_word' id='word_1_25' title='bbox 938 446 1006 518; x_wconf 77' lang='lat' dir='ltr'><strong>olus</strong></span> <span class='ocrx_word' id='word_1_26' title='bbox 1022 445 1058 504; x_wconf 92' lang='lat' dir='ltr'><strong>in</strong></span> <span class='ocrx_word' id='word_1_27' title='bbox 1074 448 1158 504; x_wconf 83' lang='lat' dir='ltr'><strong>brevi</strong></span> <span class='ocrx_word' id='word_1_28' title='bbox 1175 452 1312 506; x_wconf 68' lang='lat' dir='ltr'><strong>truanni</strong></span> 
     </span>
     <span class='ocr_line' id='line_1_4' title="bbox 90 519 1313 595; baseline -0.003 -15"><span class='ocrx_word' id='word_1_29' title='bbox 90 521 276 595; x_wconf 69' lang='lat' dir='ltr'><strong>perfectione,</strong></span> <span class='ocrx_word' id='word_1_30' title='bbox 293 520 333 577; x_wconf 84' lang='lat' dir='ltr'><strong>sie</strong></span> <span class='ocrx_word' id='word_1_31' title='bbox 348 521 423 590; x_wconf 89' lang='lat' dir='ltr'><strong>quod</strong></span> <span class='ocrx_word' id='word_1_32' title='bbox 439 522 514 578; x_wconf 91' lang='lat' dir='ltr'><strong>Deus</strong></span> <span class='ocrx_word' id='word_1_33' title='bbox 528 537 577 577; x_wconf 90' lang='lat' dir='ltr'><strong>eos</strong></span> <span class='ocrx_word' id='word_1_34' title='bbox 597 522 678 578; x_wconf 88' lang='lat' dir='ltr'><strong>dse·</strong></span> <span class='ocrx_word' id='word_1_35' title='bbox 729 536 818 593; x_wconf 90' lang='lat' dir='ltr'><strong>quam</strong></span> <span class='ocrx_word' id='word_1_36' title='bbox 834 536 867 576; x_wconf 82' lang='lat' dir='ltr'><strong>ex</strong></span> <span class='ocrx_word' id='word_1_37' title='bbox 880 522 995 589; x_wconf 81' lang='lat' dir='ltr'><strong>tuatae,</strong></span> <span class='ocrx_word' id='word_1_38' title='bbox 1015 524 1048 575; x_wconf 92' lang='lat' dir='ltr'><strong>ut</strong></span> <span class='ocrx_word' id='word_1_39' title='bbox 1066 519 1207 577; x_wconf 75' lang='lat' dir='ltr'>addiscas</span> <span class='ocrx_word' id='word_1_40' title='bbox 1220 519 1248 576; x_wconf 90' lang='lat' dir='ltr'><strong>in</strong></span> <span class='ocrx_word' id='word_1_41' title='bbox 1259 537 1313 592; x_wconf 79' lang='lat' dir='ltr'><strong>qan-</strong></span> 
     </span>
     <span class='ocr_line' id='line_1_5' title="bbox 90 591 1315 666; baseline -0.001 -15"><span class='ocrx_word' id='word_1_42' title='bbox 90 594 175 652; x_wconf 80' lang='lat' dir='ltr'><strong>reltat</strong></span> <span class='ocrx_word' id='word_1_43' title='bbox 199 599 316 665; x_wconf 82' lang='lat' dir='ltr'><strong>propter</strong></span> <span class='ocrx_word' id='word_1_44' title='bbox 344 591 440 663; x_wconf 89' lang='lat' dir='ltr'><strong>aliqua</strong></span> <span class='ocrx_word' id='word_1_45' title='bbox 468 592 578 649; x_wconf 88' lang='lat' dir='ltr'><strong>occulta</strong></span> <span class='ocrx_word' id='word_1_46' title='bbox 598 593 676 662; x_wconf 89' lang='lat' dir='ltr'><strong>vitia,</strong></span> <span class='ocrx_word' id='word_1_47' title='bbox 732 592 773 648; x_wconf 86' lang='lat' dir='ltr'><strong>cis</strong></span> <span class='ocrx_word' id='word_1_48' title='bbox 786 607 888 665; x_wconf 83' lang='lat' dir='ltr'><strong>magna</strong></span> <span class='ocrx_word' id='word_1_49' title='bbox 904 599 1064 666; x_wconf 67' lang='lat' dir='ltr'><strong>rogqare;</strong></span> <span class='ocrx_word' id='word_1_50' title='bbox 1084 592 1128 648; x_wconf 87' lang='lat' dir='ltr'><strong>sie</strong></span> <span class='ocrx_word' id='word_1_51' title='bbox 1143 593 1221 664; x_wconf 90' lang='lat' dir='ltr'><strong>qnod</strong></span> <span class='ocrx_word' id='word_1_52' title='bbox 1236 594 1315 663; x_wconf 77' lang='lat' dir='ltr'><strong>queli-</strong></span> 
     </span>
     <span class='ocr_line' id='line_1_6' title="bbox 91 664 1315 737; baseline 0.001 -15"><span class='ocrx_word' id='word_1_53' title='bbox 91 681 156 737; x_wconf 84' lang='lat' dir='ltr'><strong>quae</strong></span> <span class='ocrx_word' id='word_1_54' title='bbox 173 664 398 722; x_wconf 70' lang='lat' dir='ltr'><strong>neomesiam</strong></span> <span class='ocrx_word' id='word_1_55' title='bbox 419 664 533 722; x_wconf 84' lang='lat' dir='ltr'><strong>trabere.</strong></span> <span class='ocrx_word' id='word_1_56' title='bbox 553 681 610 721; x_wconf 88' lang='lat' dir='ltr'><strong>non</strong></span> <span class='ocrx_word' id='word_1_57' title='bbox 625 666 677 721; x_wconf 92' lang='lat' dir='ltr'><strong>du·</strong></span> <span class='ocrx_word' id='word_1_58' title='bbox 733 665 781 721; x_wconf 73' lang='lat' dir='ltr'><strong>brt</strong></span> <span class='ocrx_word' id='word_1_59' title='bbox 798 665 870 721; x_wconf 85' lang='lat' dir='ltr'><strong>ratio</strong></span> <span class='ocrx_word' id='word_1_60' title='bbox 893 667 930 723; x_wconf 86' lang='lat' dir='ltr'><strong>sit</strong></span> <span class='ocrx_word' id='word_1_61' title='bbox 947 664 999 722; x_wconf 92' lang='lat' dir='ltr'><strong>tibi</strong></span> <span class='ocrx_word' id='word_1_62' title='bbox 1017 664 1152 721; x_wconf 76' lang='lat' dir='ltr'><strong>materia</strong></span> <span class='ocrx_word' id='word_1_63' title='bbox 1168 664 1315 723; x_wconf 77' lang='lat' dir='ltr'><strong>considera·</strong></span> 
     </span>
     <span class='ocr_line' id='line_1_7' title="bbox 90 736 1317 818; baseline 0 -24"><span class='ocrx_word' id='word_1_64' title='bbox 90 737 168 795; x_wconf 87' lang='lat' dir='ltr'><strong>bium</strong></span> <span class='ocrx_word' id='word_1_65' title='bbox 195 736 269 818; x_wconf 71' lang='lat' dir='ltr'><strong>quud</strong></span> <span class='ocrx_word' id='word_1_66' title='bbox 302 742 560 806; x_wconf 74' lang='lat' dir='ltr'><strong>quantamcumque</strong></span> <span class='ocrx_word' id='word_1_67' title='bbox 591 737 678 793; x_wconf 86' lang='lat' dir='ltr'><strong>altam</strong></span> <span class='ocrx_word' id='word_1_68' title='bbox 733 736 982 808; x_wconf 84' lang='lat' dir='ltr'><strong>tionisspariosae.</strong></span> <span class='ocrx_word' id='word_1_69' title='bbox 1010 739 1159 793; x_wconf 68' lang='lat' dir='ltr'><strong>ettamen</strong></span> <span class='ocrx_word' id='word_1_70' title='bbox 1178 738 1317 809; x_wconf 75' lang='lat' dir='ltr'><strong>setasque</strong></span> 
     </span>
     <span class='ocr_line' id='line_1_8' title="bbox 91 807 1318 881; baseline 0.002 -18"><span class='ocrx_word' id='word_1_71' title='bbox 91 809 179 866; x_wconf 80' lang='lat' dir='ltr'><strong>vitam</strong></span> <span class='ocrx_word' id='word_1_72' title='bbox 205 807 356 879; x_wconf 76' lang='lat' dir='ltr'><strong>inceperis,</strong></span> <span class='ocrx_word' id='word_1_73' title='bbox 383 808 460 864; x_wconf 62' lang='lat' dir='ltr'><strong>omui</strong></span> <span class='ocrx_word' id='word_1_74' title='bbox 483 808 530 865; x_wconf 87' lang='lat' dir='ltr'><strong>die</strong></span> <span class='ocrx_word' id='word_1_75' title='bbox 553 809 678 866; x_wconf 65' lang='lat' dir='ltr'><strong>elevabis</strong></span> <span class='ocrx_word' id='word_1_76' title='bbox 733 807 756 864; x_wconf 92' lang='lat' dir='ltr'><strong>si</strong></span> <span class='ocrx_word' id='word_1_77' title='bbox 776 807 846 864; x_wconf 83' lang='lat' dir='ltr'><strong>velis</strong></span> <span class='ocrx_word' id='word_1_78' title='bbox 861 810 1004 881; x_wconf 77' lang='lat' dir='ltr'><strong>prolicere</strong></span> <span class='ocrx_word' id='word_1_79' title='bbox 1031 824 1100 864; x_wconf 80' lang='lat' dir='ltr'><strong>curu</strong></span> <span class='ocrx_word' id='word_1_80' title='bbox 1122 808 1213 865; x_wconf 86' lang='lat' dir='ltr'><strong>dictis</strong></span> <span class='ocrx_word' id='word_1_81' title='bbox 1227 811 1318 866; x_wconf 79' lang='lat' dir='ltr'><strong>nationi</strong></span> 
     </span>
     <span class='ocr_line' id='line_1_9' title="bbox 91 879 1318 949; baseline 0.002 -13"><span class='ocrx_word' id='word_1_82' title='bbox 91 884 156 937; x_wconf 78' lang='lat' dir='ltr'><strong>turs</strong></span> <span class='ocrx_word' id='word_1_83' title='bbox 171 880 339 936; x_wconf 80' lang='lat' dir='ltr'><strong>aller-tiones</strong></span> <span class='ocrx_word' id='word_1_84' title='bbox 351 886 380 936; x_wconf 89' lang='lat' dir='ltr'><strong>et</strong></span> <span class='ocrx_word' id='word_1_85' title='bbox 395 879 581 949; x_wconf 75' lang='lat' dir='ltr'><strong>lutationes,</strong></span> <span class='ocrx_word' id='word_1_86' title='bbox 596 880 678 937; x_wconf 87' lang='lat' dir='ltr'><strong>dese·</strong></span> <span class='ocrx_word' id='word_1_87' title='bbox 733 881 797 949; x_wconf 92' lang='lat' dir='ltr'><strong>bus,</strong></span> <span class='ocrx_word' id='word_1_88' title='bbox 818 880 905 937; x_wconf 89' lang='lat' dir='ltr'><strong>debes</strong></span> <span class='ocrx_word' id='word_1_89' title='bbox 929 898 980 939; x_wconf 89' lang='lat' dir='ltr'><strong>eas</strong></span> <span class='ocrx_word' id='word_1_90' title='bbox 998 882 1150 949; x_wconf 84' lang='lat' dir='ltr'><strong>iorrnare,</strong></span> <span class='ocrx_word' id='word_1_91' title='bbox 1177 897 1235 937; x_wconf 88' lang='lat' dir='ltr'><strong>non</strong></span> <span class='ocrx_word' id='word_1_92' title='bbox 1248 881 1318 938; x_wconf 87' lang='lat' dir='ltr'><strong>slun</strong></span> 
     </span>
     <span class='ocr_line' id='line_1_10' title="bbox 89 951 1319 1025; baseline 0 -16"><span class='ocrx_word' id='word_1_93' title='bbox 89 953 179 1009; x_wconf 88' lang='lat' dir='ltr'><strong>rende</strong></span> <span class='ocrx_word' id='word_1_94' title='bbox 195 968 281 1009; x_wconf 89' lang='lat' dir='ltr'><strong>omne</strong></span> <span class='ocrx_word' id='word_1_95' title='bbox 301 951 399 1008; x_wconf 85' lang='lat' dir='ltr'><strong>vitium</strong></span> <span class='ocrx_word' id='word_1_96' title='bbox 422 951 485 1024; x_wconf 82' lang='lat' dir='ltr'><strong>plus</strong></span> <span class='ocrx_word' id='word_1_97' title='bbox 501 968 586 1024; x_wconf 86' lang='lat' dir='ltr'><strong>quam</strong></span> <span class='ocrx_word' id='word_1_98' title='bbox 607 953 680 1010; x_wconf 86' lang='lat' dir='ltr'><strong>iere·</strong></span> <span class='ocrx_word' id='word_1_99' title='bbox 733 967 785 1025; x_wconf 84' lang='lat' dir='ltr'><strong>per</strong></span> <span class='ocrx_word' id='word_1_100' title='bbox 801 952 992 1021; x_wconf 67' lang='lat' dir='ltr'><strong>intellectum</strong></span> <span class='ocrx_word' id='word_1_101' title='bbox 1006 951 1070 1008; x_wconf 90' lang='lat' dir='ltr'><strong>imo</strong></span> <span class='ocrx_word' id='word_1_102' title='bbox 1080 958 1126 1009; x_wconf 90' lang='lat' dir='ltr'><strong>est</strong></span> <span class='ocrx_word' id='word_1_103' title='bbox 1145 953 1319 1014; x_wconf 79' lang='lat' dir='ltr'><strong>necessarinn</strong></span> 
     </span>
     <span class='ocr_line' id='line_1_11' title="bbox 91 1024 1318 1106; baseline 0.001 -25"><span class='ocrx_word' id='word_1_104' title='bbox 91 1024 504 1106; x_wconf 75' lang='lat' dir='ltr'><strong>rasante,appropinquando</strong></span> <span class='ocrx_word' id='word_1_105' title='bbox 523 1026 560 1081; x_wconf 94' lang='lat' dir='ltr'><strong>ad</strong></span> <span class='ocrx_word' id='word_1_106' title='bbox 579 1028 679 1097; x_wconf 88' lang='lat' dir='ltr'><strong>perte·</strong></span> <span class='ocrx_word' id='word_1_107' title='bbox 734 1025 809 1096; x_wconf 88' lang='lat' dir='ltr'><strong>quod</strong></span> <span class='ocrx_word' id='word_1_108' title='bbox 827 1039 879 1095; x_wconf 82' lang='lat' dir='ltr'><strong>per</strong></span> <span class='ocrx_word' id='word_1_109' title='bbox 897 1029 1090 1082; x_wconf 80' lang='lat' dir='ltr'><strong>attentionem</strong></span> <span class='ocrx_word' id='word_1_110' title='bbox 1121 1040 1244 1082; x_wconf 62' lang='lat' dir='ltr'><strong>moneas</strong></span> <span class='ocrx_word' id='word_1_111' title='bbox 1260 1031 1318 1082; x_wconf 72' lang='lat' dir='ltr'><strong>tuan</strong></span> 
     </span>
     <span class='ocr_line' id='line_1_12' title="bbox 92 1094 1319 1168; baseline 0.002 -16"><span class='ocrx_word' id='word_1_112' title='bbox 92 1100 167 1152; x_wconf 81' lang='lat' dir='ltr'><strong>ctum</strong></span> <span class='ocrx_word' id='word_1_113' title='bbox 182 1103 210 1151; x_wconf 90' lang='lat' dir='ltr'><strong>et</strong></span> <span class='ocrx_word' id='word_1_114' title='bbox 222 1102 364 1168; x_wconf 81' lang='lat' dir='ltr'><strong>integram</strong></span> <span class='ocrx_word' id='word_1_115' title='bbox 375 1094 554 1152; x_wconf 69' lang='lat' dir='ltr'><strong>sanctitatem</strong></span> <span class='ocrx_word' id='word_1_116' title='bbox 582 1097 680 1153; x_wconf 85' lang='lat' dir='ltr'><strong>timen—</strong></span> <span class='ocrx_word' id='word_1_117' title='bbox 734 1095 908 1152; x_wconf 84' lang='lat' dir='ltr'><strong>voluntatem</strong></span> <span class='ocrx_word' id='word_1_118' title='bbox 926 1098 962 1155; x_wconf 91' lang='lat' dir='ltr'><strong>ad</strong></span> <span class='ocrx_word' id='word_1_119' title='bbox 978 1099 1037 1153; x_wconf 86' lang='lat' dir='ltr'><strong>hoe</strong></span> <span class='ocrx_word' id='word_1_120' title='bbox 1051 1096 1135 1168; x_wconf 88' lang='lat' dir='ltr'><strong>quod</strong></span> <span class='ocrx_word' id='word_1_121' title='bbox 1154 1095 1262 1154; x_wconf 77' lang='lat' dir='ltr'><strong>dir-tant</strong></span> <span class='ocrx_word' id='word_1_122' title='bbox 1274 1100 1319 1155; x_wconf 82' lang='lat' dir='ltr'><strong>iste</strong></span> 
     </span>
     <span class='ocr_line' id='line_1_13' title="bbox 93 1166 1319 1240; baseline 0.002 -16"><span class='ocrx_word' id='word_1_123' title='bbox 93 1167 130 1224; x_wconf 91' lang='lat' dir='ltr'><strong>do</strong></span> <span class='ocrx_word' id='word_1_124' title='bbox 145 1184 181 1224; x_wconf 91' lang='lat' dir='ltr'><strong>ne</strong></span> <span class='ocrx_word' id='word_1_125' title='bbox 200 1168 272 1226; x_wconf 87' lang='lat' dir='ltr'><strong>torte</strong></span> <span class='ocrx_word' id='word_1_126' title='bbox 288 1167 325 1224; x_wconf 87' lang='lat' dir='ltr'><strong>sit</strong></span> <span class='ocrx_word' id='word_1_127' title='bbox 349 1184 376 1225; x_wconf 84' lang='lat' dir='ltr'><strong>vn</strong></span> <span class='ocrx_word' id='word_1_128' title='bbox 396 1174 424 1224; x_wconf 90' lang='lat' dir='ltr'><strong>te</strong></span> <span class='ocrx_word' id='word_1_129' title='bbox 450 1167 564 1240; x_wconf 82' lang='lat' dir='ltr'><strong>aliquod</strong></span> <span class='ocrx_word' id='word_1_130' title='bbox 581 1167 680 1225; x_wconf 92' lang='lat' dir='ltr'><strong>vitium</strong></span> <span class='ocrx_word' id='word_1_131' title='bbox 735 1166 871 1224; x_wconf 72' lang='lat' dir='ltr'><strong>rationes.</strong></span> <span class='ocrx_word' id='word_1_132' title='bbox 888 1170 920 1224; x_wconf 86' lang='lat' dir='ltr'><strong>Et</strong></span> <span class='ocrx_word' id='word_1_133' title='bbox 936 1175 1008 1226; x_wconf 86' lang='lat' dir='ltr'><strong>nota</strong></span> <span class='ocrx_word' id='word_1_134' title='bbox 1023 1168 1107 1239; x_wconf 86' lang='lat' dir='ltr'><strong>quod</strong></span> <span class='ocrx_word' id='word_1_135' title='bbox 1124 1169 1271 1226; x_wconf 76' lang='lat' dir='ltr'><strong>conclusio</strong></span> <span class='ocrx_word' id='word_1_136' title='bbox 1284 1186 1319 1226; x_wconf 81' lang='lat' dir='ltr'><strong>tn·</strong></span> 
     </span>
     <span class='ocr_line' id='line_1_14' title="bbox 92 1238 1320 1368; baseline 0.002 -73"><span class='ocrx_word' id='word_1_137' title='bbox 92 1240 247 1319; x_wconf 74' lang='lat' dir='ltr'><strong>occultum,</strong></span> <span class='ocrx_word' id='word_1_138' title='bbox 266 1247 384 1314; x_wconf 76' lang='lat' dir='ltr'><strong>propter</strong></span> <span class='ocrx_word' id='word_1_139' title='bbox 412 1241 486 1311; x_wconf 85' lang='lat' dir='ltr'><strong>quod</strong></span> <span class='ocrx_word' id='word_1_140' title='bbox 516 1239 553 1295; x_wconf 78' lang='lat' dir='ltr'><strong>sis</strong></span> <span class='ocrx_word' id='word_1_141' title='bbox 579 1239 681 1313; x_wconf 87' lang='lat' dir='ltr'><strong>dignus</strong></span> <span class='ocrx_word' id='word_1_142' title='bbox 733 1238 850 1368; x_wconf 59' lang='lat' dir='ltr'><strong>Luslibet</strong></span> <span class='ocrx_word' id='word_1_143' title='bbox 871 1239 990 1297; x_wconf 83' lang='lat' dir='ltr'><strong>rationis</strong></span> <span class='ocrx_word' id='word_1_144' title='bbox 1018 1241 1112 1296; x_wconf 82' lang='lat' dir='ltr'><strong>‹ten-t</strong></span> <span class='ocrx_word' id='word_1_145' title='bbox 1138 1256 1206 1297; x_wconf 84' lang='lat' dir='ltr'><strong>essa</strong></span> <span class='ocrx_word' id='word_1_146' title='bbox 1227 1241 1320 1298; x_wconf 81' lang='lat' dir='ltr'><strong>induo</strong></span> 
     </span>
     <span class='ocr_line' id='line_1_15' title="bbox 91 1310 1320 1386; baseline 0.002 -18"><span class='ocrx_word' id='word_1_147' title='bbox 91 1311 185 1368; x_wconf 87' lang='lat' dir='ltr'><strong>deseri</strong></span> <span class='ocrx_word' id='word_1_148' title='bbox 202 1328 220 1368; x_wconf 91' lang='lat' dir='ltr'><strong>a</strong></span> <span class='ocrx_word' id='word_1_149' title='bbox 236 1315 303 1369; x_wconf 76' lang='lat' dir='ltr'><strong>lien.</strong></span> <span class='ocrx_word' id='word_1_150' title='bbox 320 1343 352 1354; x_wconf 92' lang='lat'>-</span> <span class='ocrx_word' id='word_1_151' title='bbox 369 1311 589 1380; x_wconf 85' lang='lat' dir='ltr'><strong>Quartadecima</strong></span> <span class='ocrx_word' id='word_1_152' title='bbox 609 1311 680 1368; x_wconf 87' lang='lat' dir='ltr'><strong>ratio</strong></span> <span class='ocrx_word' id='word_1_153' title='bbox 756 1327 788 1366; x_wconf 90' lang='lat' dir='ltr'><strong>ns</strong></span> <span class='ocrx_word' id='word_1_154' title='bbox 804 1335 810 1366; x_wconf 89' lang='lat'>:</span> <span class='ocrx_word' id='word_1_155' title='bbox 828 1310 928 1378; x_wconf 75' lang='lat' dir='ltr'><strong>urimo.</strong></span> <span class='ocrx_word' id='word_1_156' title='bbox 948 1312 978 1368; x_wconf 91' lang='lat' dir='ltr'><strong>in</strong></span> <span class='ocrx_word' id='word_1_157' title='bbox 1003 1311 1196 1369; x_wconf 85' lang='lat' dir='ltr'><strong>sentimenta</strong></span> <span class='ocrx_word' id='word_1_158' title='bbox 1217 1329 1320 1386; x_wconf 79' lang='lat' dir='ltr'><strong>proprie</strong></span> 
     </span>
     <span class='ocr_line' id='line_1_16' title="bbox 92 1382 1321 1456; baseline 0.001 -16"><span class='ocrx_word' id='word_1_159' title='bbox 92 1389 146 1451; x_wconf 90' lang='lat' dir='ltr'><strong>est,</strong></span> <span class='ocrx_word' id='word_1_160' title='bbox 163 1383 231 1456; x_wconf 83' lang='lat' dir='ltr'><strong>quia</strong></span> <span class='ocrx_word' id='word_1_161' title='bbox 248 1382 269 1438; x_wconf 92' lang='lat' dir='ltr'><strong>si</strong></span> <span class='ocrx_word' id='word_1_162' title='bbox 287 1388 429 1454; x_wconf 74' lang='lat' dir='ltr'><strong>recogitas</strong></span> <span class='ocrx_word' id='word_1_163' title='bbox 446 1400 543 1454; x_wconf 80' lang='lat' dir='ltr'><strong>poenns</strong></span> <span class='ocrx_word' id='word_1_164' title='bbox 558 1383 682 1440; x_wconf 88' lang='lat' dir='ltr'><strong>interna·</strong></span> <span class='ocrx_word' id='word_1_165' title='bbox 736 1382 959 1454; x_wconf 75' lang='lat' dir='ltr'><strong>imperfectionis</strong></span> <span class='ocrx_word' id='word_1_166' title='bbox 973 1391 1002 1442; x_wconf 89' lang='lat' dir='ltr'><strong>et</strong></span> <span class='ocrx_word' id='word_1_167' title='bbox 1015 1382 1224 1451; x_wconf 86' lang='lat' dir='ltr'><strong>nihilationis;</strong></span> <span class='ocrx_word' id='word_1_168' title='bbox 1235 1384 1321 1442; x_wconf 82' lang='lat' dir='ltr'><strong>dernds</strong></span> 
     </span>
     <span class='ocr_line' id='line_1_17' title="bbox 92 1454 1320 1528; baseline 0.001 -17"><span class='ocrx_word' id='word_1_169' title='bbox 92 1455 134 1512; x_wconf 87' lang='lat' dir='ltr'><strong>les</strong></span> <span class='ocrx_word' id='word_1_170' title='bbox 144 1455 346 1512; x_wconf 83' lang='lat' dir='ltr'><strong>damnatorum</strong></span> <span class='ocrx_word' id='word_1_171' title='bbox 358 1462 473 1528; x_wconf 87' lang='lat' dir='ltr'><strong>paratas</strong></span> <span class='ocrx_word' id='word_1_172' title='bbox 487 1455 682 1527; x_wconf 77' lang='lat' dir='ltr'><strong>peecatoribus</strong></span> <span class='ocrx_word' id='word_1_173' title='bbox 735 1454 763 1511; x_wconf 91' lang='lat' dir='ltr'><strong>in</strong></span> <span class='ocrx_word' id='word_1_174' title='bbox 779 1454 920 1512; x_wconf 68' lang='lat' dir='ltr'><strong>desiderio</strong></span> <span class='ocrx_word' id='word_1_175' title='bbox 936 1461 966 1513; x_wconf 90' lang='lat' dir='ltr'><strong>et</strong></span> <span class='ocrx_word' id='word_1_176' title='bbox 979 1455 1144 1513; x_wconf 77' lang='lat' dir='ltr'><strong>conamine</strong></span> <span class='ocrx_word' id='word_1_177' title='bbox 1162 1456 1287 1514; x_wconf 86' lang='lat' dir='ltr'><strong>veniendi</strong></span> <span class='ocrx_word' id='word_1_178' title='bbox 1298 1455 1320 1512; x_wconf 91' lang='lat' dir='ltr'><strong>in</strong></span> 
     </span>
     <span class='ocr_line' id='line_1_18' title="bbox 95 1525 1321 1600; baseline 0.001 -17"><span class='ocrx_word' id='word_1_179' title='bbox 95 1527 216 1595; x_wconf 81' lang='lat' dir='ltr'><strong>cunctis,</strong></span> <span class='ocrx_word' id='word_1_180' title='bbox 246 1527 331 1582; x_wconf 88' lang='lat' dir='ltr'><strong>credo</strong></span> <span class='ocrx_word' id='word_1_181' title='bbox 357 1527 431 1597; x_wconf 92' lang='lat' dir='ltr'><strong>quod</strong></span> <span class='ocrx_word' id='word_1_182' title='bbox 456 1526 527 1582; x_wconf 78' lang='lat' dir='ltr'><strong>levis</strong></span> <span class='ocrx_word' id='word_1_183' title='bbox 554 1527 609 1582; x_wconf 87' lang='lat' dir='ltr'><strong>erit</strong></span> <span class='ocrx_word' id='word_1_184' title='bbox 631 1527 681 1583; x_wconf 84' lang='lat' dir='ltr'><strong>tini</strong></span> <span class='ocrx_word' id='word_1_185' title='bbox 735 1525 864 1583; x_wconf 87' lang='lat' dir='ltr'><strong>altiorem</strong></span> <span class='ocrx_word' id='word_1_186' title='bbox 882 1527 1176 1599; x_wconf 87' lang='lat' dir='ltr'><strong>vitametmajorem</strong></span> <span class='ocrx_word' id='word_1_187' title='bbox 1189 1528 1321 1600; x_wconf 77' lang='lat' dir='ltr'><strong>pet-tectio</strong></span> 
     </span>
     <span class='ocr_line' id='line_1_19' title="bbox 95 1596 1322 1671; baseline 0.002 -17"><span class='ocrx_word' id='word_1_188' title='bbox 95 1599 187 1654; x_wconf 89' lang='lat' dir='ltr'><strong>omnis</strong></span> <span class='ocrx_word' id='word_1_189' title='bbox 211 1597 388 1671; x_wconf 79' lang='lat' dir='ltr'><strong>poenrtentia,</strong></span> <span class='ocrx_word' id='word_1_190' title='bbox 412 1596 505 1653; x_wconf 88' lang='lat' dir='ltr'><strong>omnis</strong></span> <span class='ocrx_word' id='word_1_191' title='bbox 524 1597 681 1667; x_wconf 90' lang='lat' dir='ltr'><strong>humilitas,</strong></span> <span class='ocrx_word' id='word_1_192' title='bbox 737 1614 802 1655; x_wconf 89' lang='lat' dir='ltr'><strong>nem</strong></span> <span class='ocrx_word' id='word_1_193' title='bbox 816 1616 823 1654; x_wconf 78' lang='lat' dir='ltr'><strong>t</strong></span> <span class='ocrx_word' id='word_1_194' title='bbox 836 1598 876 1654; x_wconf 89' lang='lat' dir='ltr'><strong>sie</strong></span> <span class='ocrx_word' id='word_1_195' title='bbox 897 1600 972 1668; x_wconf 93' lang='lat' dir='ltr'><strong>quod</strong></span> <span class='ocrx_word' id='word_1_196' title='bbox 989 1616 1049 1657; x_wconf 89' lang='lat' dir='ltr'><strong>nen</strong></span> <span class='ocrx_word' id='word_1_197' title='bbox 1070 1599 1113 1656; x_wconf 91' lang='lat' dir='ltr'><strong>sit</strong></span> <span class='ocrx_word' id='word_1_198' title='bbox 1131 1600 1322 1657; x_wconf 87' lang='lat' dir='ltr'><strong>sentimentnu</strong></span> 
     </span>
     <span class='ocr_line' id='line_1_20' title="bbox 96 1667 1324 1751; baseline 0.003 -27"><span class='ocrx_word' id='word_1_199' title='bbox 96 1675 123 1724; x_wconf 87' lang='lat' dir='ltr'><strong>ot</strong></span> <span class='ocrx_word' id='word_1_200' title='bbox 142 1667 316 1741; x_wconf 67' lang='lat' dir='ltr'><strong>paupertatis</strong></span> <span class='ocrx_word' id='word_1_201' title='bbox 335 1668 522 1751; x_wconf 82' lang='lat' dir='ltr'><strong>vituperium,</strong></span> <span class='ocrx_word' id='word_1_202' title='bbox 542 1675 570 1725; x_wconf 89' lang='lat' dir='ltr'><strong>et</strong></span> <span class='ocrx_word' id='word_1_203' title='bbox 589 1669 683 1726; x_wconf 90' lang='lat' dir='ltr'><strong>omnis</strong></span> <span class='ocrx_word' id='word_1_204' title='bbox 737 1669 860 1743; x_wconf 80' lang='lat' dir='ltr'><strong>proprias</strong></span> <span class='ocrx_word' id='word_1_205' title='bbox 885 1669 1119 1737; x_wconf 72' lang='lat' dir='ltr'><strong>imiter-iectionis</strong></span> <span class='ocrx_word' id='word_1_206' title='bbox 1140 1677 1170 1727; x_wconf 89' lang='lat' dir='ltr'><strong>et</strong></span> <span class='ocrx_word' id='word_1_207' title='bbox 1190 1671 1324 1729; x_wconf 81' lang='lat' dir='ltr'><strong>nihilatiu·</strong></span> 
     </span>
     <span class='ocr_line' id='line_1_21' title="bbox 96 1739 1323 1867; baseline 0.003 -71"><span class='ocrx_word' id='word_1_208' title='bbox 96 1739 268 1822; x_wconf 73' lang='lat' dir='ltr'><strong>laborquem</strong></span> <span class='ocrx_word' id='word_1_209' title='bbox 280 1739 309 1794; x_wconf 93' lang='lat' dir='ltr'><strong>in</strong></span> <span class='ocrx_word' id='word_1_210' title='bbox 323 1739 379 1796; x_wconf 82' lang='lat' dir='ltr'><strong>vita</strong></span> <span class='ocrx_word' id='word_1_211' title='bbox 395 1747 449 1796; x_wconf 84' lang='lat' dir='ltr'><strong>ista</strong></span> <span class='ocrx_word' id='word_1_212' title='bbox 459 1746 581 1867; x_wconf 49' lang='lat' dir='ltr'><strong>greater</strong></span> <span class='ocrx_word' id='word_1_213' title='bbox 594 1742 682 1797; x_wconf 89' lang='lat' dir='ltr'><strong>Deum</strong></span> <span class='ocrx_word' id='word_1_214' title='bbox 738 1741 781 1798; x_wconf 92' lang='lat' dir='ltr'><strong>nis</strong></span> <span class='ocrx_word' id='word_1_215' title='bbox 796 1741 857 1799; x_wconf 89' lang='lat' dir='ltr'><strong>sine</strong></span> <span class='ocrx_word' id='word_1_216' title='bbox 876 1742 1033 1813; x_wconf 85' lang='lat' dir='ltr'><strong>desiderio,</strong></span> <span class='ocrx_word' id='word_1_217' title='bbox 1050 1748 1081 1799; x_wconf 88' lang='lat' dir='ltr'><strong>et</strong></span> <span class='ocrx_word' id='word_1_218' title='bbox 1102 1759 1260 1800; x_wconf 83' lang='lat' dir='ltr'><strong>conamine</strong></span> <span class='ocrx_word' id='word_1_219' title='bbox 1272 1759 1323 1800; x_wconf 79' lang='lat' dir='ltr'><strong>ma·</strong></span> 
     </span>
     <span class='ocr_line' id='line_1_22' title="bbox 96 1813 1324 1887; baseline 0.004 -20"><span class='ocrx_word' id='word_1_220' title='bbox 96 1816 457 1885; x_wconf 83' lang='lat' dir='ltr'><strong>possrssustrnere,ntev·a</strong></span> <span class='ocrx_word' id='word_1_221' title='bbox 479 1827 682 1884; x_wconf 83' lang='lat' dir='ltr'><strong>aspoenassu·</strong></span> <span class='ocrx_word' id='word_1_222' title='bbox 734 1813 806 1886; x_wconf 86' lang='lat' dir='ltr'><strong>jovis</strong></span> <span class='ocrx_word' id='word_1_223' title='bbox 829 1814 1022 1887; x_wconf 76' lang='lat' dir='ltr'><strong>perfectionis.</strong></span> <span class='ocrx_word' id='word_1_224' title='bbox 1045 1820 1075 1872; x_wconf 89' lang='lat' dir='ltr'><strong>et</strong></span> <span class='ocrx_word' id='word_1_225' title='bbox 1107 1813 1178 1872; x_wconf 75' lang='lat' dir='ltr'><strong>vita</strong></span> <span class='ocrx_word' id='word_1_226' title='bbox 1209 1815 1324 1883; x_wconf 78' lang='lat' dir='ltr'><strong>altioris3</strong></span> 
     </span>
     <span class='ocr_line' id='line_1_23' title="bbox 96 1883 1322 1960; baseline 0.004 -21"><span class='ocrx_word' id='word_1_227' title='bbox 96 1883 250 1957; x_wconf 80' lang='lat' dir='ltr'><strong>pradictas,</strong></span> <span class='ocrx_word' id='word_1_228' title='bbox 274 1891 302 1940; x_wconf 88' lang='lat' dir='ltr'><strong>et</strong></span> <span class='ocrx_word' id='word_1_229' title='bbox 325 1883 475 1942; x_wconf 82' lang='lat' dir='ltr'>conaberis</span> <span class='ocrx_word' id='word_1_230' title='bbox 495 1883 628 1943; x_wconf 81' lang='lat' dir='ltr'><strong>continue</strong></span> <span class='ocrx_word' id='word_1_231' title='bbox 647 1884 684 1941; x_wconf 92' lang='lat' dir='ltr'><strong>ad</strong></span> <span class='ocrx_word' id='word_1_232' title='bbox 738 1902 789 1942; x_wconf 90' lang='lat' dir='ltr'><strong>nec</strong></span> <span class='ocrx_word' id='word_1_233' title='bbox 809 1887 898 1959; x_wconf 84' lang='lat' dir='ltr'><strong>major</strong></span> <span class='ocrx_word' id='word_1_234' title='bbox 920 1887 1059 1960; x_wconf 83' lang='lat' dir='ltr'><strong>perlectis</strong></span> <span class='ocrx_word' id='word_1_235' title='bbox 1086 1891 1118 1943; x_wconf 88' lang='lat' dir='ltr'><strong>et</strong></span> <span class='ocrx_word' id='word_1_236' title='bbox 1147 1887 1236 1946; x_wconf 88' lang='lat' dir='ltr'><strong>altior</strong></span> <span class='ocrx_word' id='word_1_237' title='bbox 1262 1885 1322 1954; x_wconf 81' lang='lat' dir='ltr'><strong>vita,</strong></span> 
     </span>
     <span class='ocr_line' id='line_1_24' title="bbox 95 1955 1323 2041; baseline 0.002 -28"><span class='ocrx_word' id='word_1_238' title='bbox 95 1955 254 2013; x_wconf 76' lang='lat' dir='ltr'><strong>tenendum</strong></span> <span class='ocrx_word' id='word_1_239' title='bbox 277 1955 407 2013; x_wconf 82' lang='lat' dir='ltr'><strong>altiorem</strong></span> <span class='ocrx_word' id='word_1_240' title='bbox 436 1965 465 2014; x_wconf 91' lang='lat' dir='ltr'><strong>et</strong></span> <span class='ocrx_word' id='word_1_241' title='bbox 484 1955 684 2027; x_wconf 78' lang='lat' dir='ltr'><strong>perfectiorem</strong></span> <span class='ocrx_word' id='word_1_242' title='bbox 739 1957 800 2014; x_wconf 92' lang='lat' dir='ltr'><strong>sine</strong></span> <span class='ocrx_word' id='word_1_243' title='bbox 815 1958 985 2017; x_wconf 81' lang='lat' dir='ltr'><strong>sentimenta</strong></span> <span class='ocrx_word' id='word_1_244' title='bbox 994 1958 1125 2041; x_wconf 82' lang='lat' dir='ltr'><strong>propriae</strong></span> <span class='ocrx_word' id='word_1_245' title='bbox 1139 1958 1323 2034; x_wconf 72' lang='lat' dir='ltr'><strong>imperfectis</strong></span> 
     </span>
     <span class='ocr_line' id='line_1_25' title="bbox 97 2027 1028 2102; baseline 0.008 -20"><span class='ocrx_word' id='word_1_246' title='bbox 97 2029 195 2101; x_wconf 87' lang='lat' dir='ltr'><strong>vitam,</strong></span> <span class='ocrx_word' id='word_1_247' title='bbox 219 2031 347 2088; x_wconf 89' lang='lat' dir='ltr'><strong>timendo</strong></span> <span class='ocrx_word' id='word_1_248' title='bbox 370 2027 529 2102; x_wconf 81' lang='lat' dir='ltr'><strong>pericnlum</strong></span> <span class='ocrx_word' id='word_1_249' title='bbox 551 2028 685 2088; x_wconf 87' lang='lat' dir='ltr'><strong>veniendi</strong></span> <span class='ocrx_word' id='word_1_250' title='bbox 740 2029 785 2086; x_wconf 92' lang='lat' dir='ltr'><strong>nis</strong></span> <span class='ocrx_word' id='word_1_251' title='bbox 797 2035 827 2087; x_wconf 88' lang='lat' dir='ltr'><strong>et</strong></span> <span class='ocrx_word' id='word_1_252' title='bbox 841 2030 1028 2089; x_wconf 86' lang='lat' dir='ltr'><strong>nihilationrs.</strong></span> 
     </span>
    </p>
   </div>
   <div class='ocr_carea' id='block_1_3' title="bbox 647 2224 783 2289">
    <p class='ocr_par' dir='ltr' id='par_1_3' title="bbox 647 2224 783 2289">
     <span class='ocr_line' id='line_1_26' title="bbox 647 2224 783 2289; baseline -0.007 -1"><span class='ocrx_word' id='word_1_253' title='bbox 647 2224 783 2289; x_wconf 67' lang='grc' dir='ltr'><strong>ὈΗΑΤΙΟ</strong></span> 
     </span>
    </p>
   </div>
   <div class='ocr_carea' id='block_1_4' title="bbox 95 2423 1321 2936">
    <p class='ocr_par' dir='ltr' id='par_1_4' title="bbox 95 2423 1321 2936">
     <span class='ocr_line' id='line_1_27' title="bbox 130 2423 1319 2495; baseline -0.007 -9"><span class='ocrx_word' id='word_1_254' title='bbox 130 2424 251 2485; x_wconf 81' lang='lat' dir='ltr'><strong>Domine</strong></span> <span class='ocrx_word' id='word_1_255' title='bbox 266 2427 331 2483; x_wconf 86' lang='lat' dir='ltr'><strong>Jssu</strong></span> <span class='ocrx_word' id='word_1_256' title='bbox 346 2424 467 2495; x_wconf 86' lang='lat' dir='ltr'><strong>Christe,</strong></span> <span class='ocrx_word' id='word_1_257' title='bbox 487 2424 564 2484; x_wconf 92' lang='lat' dir='ltr'><strong>milis</strong></span> <span class='ocrx_word' id='word_1_258' title='bbox 578 2431 608 2485; x_wconf 90' lang='lat' dir='ltr'><strong>et</strong></span> <span class='ocrx_word' id='word_1_259' title='bbox 618 2426 735 2484; x_wconf 90' lang='lat' dir='ltr'><strong>humilis</strong></span> <span class='ocrx_word' id='word_1_260' title='bbox 749 2425 846 2494; x_wconf 85' lang='lat' dir='ltr'><strong>eorda,</strong></span> <span class='ocrx_word' id='word_1_261' title='bbox 862 2423 951 2481; x_wconf 88' lang='lat' dir='ltr'><strong>lunda</strong></span> <span class='ocrx_word' id='word_1_262' title='bbox 963 2438 1015 2480; x_wconf 86' lang='lat' dir='ltr'><strong>eor</strong></span> <span class='ocrx_word' id='word_1_263' title='bbox 1028 2437 1128 2480; x_wconf 88' lang='lat' dir='ltr'><strong>meum</strong></span> <span class='ocrx_word' id='word_1_264' title='bbox 1143 2423 1174 2480; x_wconf 87' lang='lat' dir='ltr'><strong>in</strong></span> <span class='ocrx_word' id='word_1_265' title='bbox 1189 2440 1259 2481; x_wconf 82' lang='lat' dir='ltr'><strong>vera</strong></span> <span class='ocrx_word' id='word_1_266' title='bbox 1273 2424 1319 2480; x_wconf 88' lang='lat' dir='ltr'><strong>hu·</strong></span> 
     </span>
     <span class='ocr_line' id='line_1_28' title="bbox 95 2493 1318 2570; baseline -0.006 -13"><span class='ocrx_word' id='word_1_267' title='bbox 95 2498 227 2562; x_wconf 84' lang='lat' dir='ltr'><strong>militate.</strong></span> <span class='ocrx_word' id='word_1_268' title='bbox 247 2504 275 2556; x_wconf 90' lang='lat' dir='ltr'><strong>et</strong></span> <span class='ocrx_word' id='word_1_269' title='bbox 293 2499 410 2557; x_wconf 79' lang='lat' dir='ltr'><strong>exulude</strong></span> <span class='ocrx_word' id='word_1_270' title='bbox 437 2517 454 2556; x_wconf 89' lang='lat' dir='ltr'><strong>a</strong></span> <span class='ocrx_word' id='word_1_271' title='bbox 473 2515 517 2556; x_wconf 91' lang='lat' dir='ltr'><strong>me</strong></span> <span class='ocrx_word' id='word_1_272' title='bbox 541 2515 656 2557; x_wconf 70' lang='lat' dir='ltr'><strong>omnem</strong></span> <span class='ocrx_word' id='word_1_273' title='bbox 682 2504 789 2556; x_wconf 90' lang='lat' dir='ltr'><strong>motum</strong></span> <span class='ocrx_word' id='word_1_274' title='bbox 814 2493 1048 2570; x_wconf 76' lang='lat' dir='ltr'><strong>presumptionis</strong></span> <span class='ocrx_word' id='word_1_275' title='bbox 1068 2501 1100 2551; x_wconf 92' lang='lat' dir='ltr'><strong>et</strong></span> <span class='ocrx_word' id='word_1_276' title='bbox 1120 2496 1279 2568; x_wconf 79' lang='lat' dir='ltr'><strong>superbia,</strong></span> <span class='ocrx_word' id='word_1_277' title='bbox 1294 2499 1318 2550; x_wconf 90' lang='lat' dir='ltr'><strong>nt</strong></span> 
     </span>
     <span class='ocr_line' id='line_1_29' title="bbox 96 2567 1318 2643; baseline -0.006 -14"><span class='ocrx_word' id='word_1_278' title='bbox 96 2587 253 2643; x_wconf 86' lang='lat' dir='ltr'><strong>numquam</strong></span> <span class='ocrx_word' id='word_1_279' title='bbox 269 2570 391 2629; x_wconf 77' lang='lat' dir='ltr'><strong>visiones</strong></span> <span class='ocrx_word' id='word_1_280' title='bbox 406 2571 576 2639; x_wconf 72' lang='lat' dir='ltr'><strong>desiderem,</strong></span> <span class='ocrx_word' id='word_1_281' title='bbox 591 2577 642 2627; x_wconf 91' lang='lat' dir='ltr'><strong>aut</strong></span> <span class='ocrx_word' id='word_1_282' title='bbox 662 2569 857 2636; x_wconf 70' lang='lat' dir='ltr'><strong>revelationes,</strong></span> <span class='ocrx_word' id='word_1_283' title='bbox 879 2584 929 2625; x_wconf 87' lang='lat' dir='ltr'><strong>nac</strong></span> <span class='ocrx_word' id='word_1_284' title='bbox 951 2582 1002 2637; x_wconf 84' lang='lat' dir='ltr'><strong>per</strong></span> <span class='ocrx_word' id='word_1_285' title='bbox 1021 2567 1137 2638; x_wconf 81' lang='lat' dir='ltr'><strong>aliquas</strong></span> <span class='ocrx_word' id='word_1_286' title='bbox 1153 2567 1318 2624; x_wconf 80' lang='lat' dir='ltr'><strong>tentrtiones</strong></span> 
     </span>
     <span class='ocr_line' id='line_1_30' title="bbox 98 2637 1319 2727; baseline -0.007 -25"><span class='ocrx_word' id='word_1_287' title='bbox 98 2647 218 2702; x_wconf 69' lang='lat' dir='ltr'><strong>seilurar</strong></span> <span class='ocrx_word' id='word_1_288' title='bbox 234 2643 402 2727; x_wconf 85' lang='lat' dir='ltr'><strong>spirituales.</strong></span> <span class='ocrx_word' id='word_1_289' title='bbox 419 2661 483 2716; x_wconf 75' lang='lat' dir='ltr'><strong>quae</strong></span> <span class='ocrx_word' id='word_1_290' title='bbox 499 2660 543 2700; x_wconf 91' lang='lat' dir='ltr'><strong>me</strong></span> <span class='ocrx_word' id='word_1_291' title='bbox 558 2647 662 2700; x_wconf 85' lang='lat' dir='ltr'><strong>ducere</strong></span> <span class='ocrx_word' id='word_1_292' title='bbox 674 2641 874 2715; x_wconf 87' lang='lat' dir='ltr'><strong>quoquomodo</strong></span> <span class='ocrx_word' id='word_1_293' title='bbox 884 2646 999 2713; x_wconf 69' lang='lat' dir='ltr'><strong>posent</strong></span> <span class='ocrx_word' id='word_1_294' title='bbox 1014 2637 1043 2694; x_wconf 92' lang='lat' dir='ltr'><strong>in</strong></span> <span class='ocrx_word' id='word_1_295' title='bbox 1058 2654 1190 2695; x_wconf 77' lang='lat' dir='ltr'><strong>errores.</strong></span> <span class='ocrx_word' id='word_1_296' title='bbox 1207 2641 1261 2721; x_wconf 60' lang='lat' dir='ltr'><strong>lfao</strong></span> <span class='ocrx_word' id='word_1_297' title='bbox 1273 2653 1319 2703; x_wconf 81' lang='lat' dir='ltr'><strong>me,</strong></span> 
     </span>
     <span class='ocr_line' id='line_1_31' title="bbox 96 2710 1321 2789; baseline -0.009 -14"><span class='ocrx_word' id='word_1_298' title='bbox 96 2716 218 2775; x_wconf 87' lang='lat' dir='ltr'><strong>Domine</strong></span> <span class='ocrx_word' id='word_1_299' title='bbox 233 2715 370 2789; x_wconf 79' lang='lat' dir='ltr'><strong>piissime.</strong></span> <span class='ocrx_word' id='word_1_300' title='bbox 393 2716 518 2788; x_wconf 87' lang='lat' dir='ltr'><strong>quotidie</strong></span> <span class='ocrx_word' id='word_1_301' title='bbox 535 2716 570 2772; x_wconf 90' lang='lat' dir='ltr'><strong>ad</strong></span> <span class='ocrx_word' id='word_1_302' title='bbox 587 2731 675 2787; x_wconf 79' lang='lat' dir='ltr'><strong>onera</strong></span> <span class='ocrx_word' id='word_1_303' title='bbox 696 2713 830 2770; x_wconf 81' lang='lat' dir='ltr'><strong>virtutum</strong></span> <span class='ocrx_word' id='word_1_304' title='bbox 849 2710 1003 2769; x_wconf 81' lang='lat' dir='ltr'><strong>ascendere</strong></span> <span class='ocrx_word' id='word_1_305' title='bbox 1022 2715 1051 2767; x_wconf 86' lang='lat' dir='ltr'><strong>at</strong></span> <span class='ocrx_word' id='word_1_306' title='bbox 1065 2726 1185 2778; x_wconf 78' lang='lat' dir='ltr'><strong>semaei·</strong></span> <span class='ocrx_word' id='word_1_307' title='bbox 1214 2727 1244 2768; x_wconf 88' lang='lat' dir='ltr'><strong>m</strong></span> <span class='ocrx_word' id='word_1_308' title='bbox 1259 2712 1321 2766; x_wconf 83' lang='lat' dir='ltr'><strong>bono</strong></span> 
     </span>
     <span class='ocr_line' id='line_1_32' title="bbox 98 2781 1317 2862; baseline -0.005 -18"><span class='ocrx_word' id='word_1_309' title='bbox 98 2791 291 2862; x_wconf 66' lang='lat' dir='ltr'><strong>proficerem</strong></span> <span class='ocrx_word' id='word_1_310' title='bbox 305 2788 436 2846; x_wconf 78' lang='lat' dir='ltr'><strong>continue</strong></span> <span class='ocrx_word' id='word_1_311' title='bbox 447 2788 476 2845; x_wconf 96' lang='lat' dir='ltr'><strong>in</strong></span> <span class='ocrx_word' id='word_1_312' title='bbox 491 2788 621 2846; x_wconf 90' lang='lat' dir='ltr'><strong>altiorem</strong></span> <span class='ocrx_word' id='word_1_313' title='bbox 635 2786 721 2843; x_wconf 81' lang='lat' dir='ltr'><strong>vitam</strong></span> <span class='ocrx_word' id='word_1_314' title='bbox 733 2785 849 2842; x_wconf 86' lang='lat' dir='ltr'><strong>tendere</strong></span> <span class='ocrx_word' id='word_1_315' title='bbox 863 2788 893 2841; x_wconf 90' lang='lat' dir='ltr'><strong>et</strong></span> <span class='ocrx_word' id='word_1_316' title='bbox 906 2799 953 2839; x_wconf 89' lang='lat' dir='ltr'><strong>sus</strong></span> <span class='ocrx_word' id='word_1_317' title='bbox 975 2781 1152 2851; x_wconf 85' lang='lat' dir='ltr'><strong>irare,utsie</strong></span> <span class='ocrx_word' id='word_1_318' title='bbox 1169 2781 1317 2855; x_wconf 79' lang='lat' dir='ltr'><strong>vigilando,</strong></span> 
     </span>
     <span class='ocr_line' id='line_1_33' title="bbox 99 2856 1319 2936; baseline -0.009 -18"><span class='ocrx_word' id='word_1_319' title='bbox 99 2866 129 2919; x_wconf 90' lang='lat' dir='ltr'><strong>et</strong></span> <span class='ocrx_word' id='word_1_320' title='bbox 141 2860 262 2919; x_wconf 88' lang='lat' dir='ltr'><strong>sollicite</strong></span> <span class='ocrx_word' id='word_1_321' title='bbox 277 2862 399 2936; x_wconf 82' lang='lat' dir='ltr'><strong>agendo,</strong></span> <span class='ocrx_word' id='word_1_322' title='bbox 409 2861 446 2921; x_wconf 87' lang='lat' dir='ltr'><strong>ad</strong></span> <span class='ocrx_word' id='word_1_323' title='bbox 457 2863 597 2920; x_wconf 79' lang='lat' dir='ltr'><strong>incertum</strong></span> <span class='ocrx_word' id='word_1_324' title='bbox 611 2857 854 2917; x_wconf 86' lang='lat' dir='ltr'><strong>tuumadventum</strong></span> <span class='ocrx_word' id='word_1_325' title='bbox 862 2871 933 2914; x_wconf 81' lang='lat' dir='ltr'><strong>mer</strong></span> <span class='ocrx_word' id='word_1_326' title='bbox 963 2869 1027 2913; x_wconf 89' lang='lat' dir='ltr'><strong>eam</strong></span> <span class='ocrx_word' id='word_1_327' title='bbox 1039 2856 1319 2928; x_wconf 68' lang='lat' dir='ltr'><strong>prepararentnen.</strong></span> 
     </span>
    </p>
   </div>
   <div class='ocr_carea' id='block_1_5' title="bbox 590 3198 830 3275">
    <p class='ocr_par' dir='ltr' id='par_1_5' title="bbox 590 3198 830 3275">
     <span class='ocr_line' id='line_1_34' title="bbox 590 3198 830 3275; baseline -0.021 -1"><span class='ocrx_word' id='word_1_328' title='bbox 590 3198 728 3275; x_wconf 81' lang='lat' dir='ltr'><strong>CAPUT</strong></span> <span class='ocrx_word' id='word_1_329' title='bbox 742 3198 830 3271; x_wconf 87' lang='lat' dir='ltr'><strong>XLll</strong></span> 
     </span>
    </p>
   </div>
   <div class='ocr_carea' id='block_1_6' title="bbox 262 3445 1166 3658">
    <p class='ocr_par' dir='ltr' id='par_1_6' title="bbox 262 3445 1166 3658">
     <span class='ocr_line' id='line_1_35' title="bbox 262 3445 1166 3504; baseline -0.004 -8"><span class='ocrx_word' id='word_1_330' title='bbox 262 3452 300 3496; x_wconf 71' lang='lat' dir='ltr'><strong>DE</strong></span> <span class='ocrx_word' id='word_1_331' title='bbox 324 3450 441 3497; x_wconf 73' lang='lat' dir='ltr'><strong>emund</strong></span> <span class='ocrx_word' id='word_1_332' title='bbox 454 3451 494 3495; x_wconf 76' lang='lat' dir='ltr'><strong>ET</strong></span> <span class='ocrx_word' id='word_1_333' title='bbox 515 3447 728 3496; x_wconf 74' lang='lat' dir='ltr'><strong>EXSPEGTANDD</strong></span> <span class='ocrx_word' id='word_1_334' title='bbox 741 3446 906 3494; x_wconf 70' lang='lat' dir='ltr'><strong>autentu!</strong></span> <span class='ocrx_word' id='word_1_335' title='bbox 925 3445 1043 3504; x_wconf 75' lang='lat' dir='ltr'><strong>noutttt,</strong></span> <span class='ocrx_word' id='word_1_336' title='bbox 1065 3447 1106 3492; x_wconf 74' lang='lat' dir='ltr'><strong>ET</strong></span> <span class='ocrx_word' id='word_1_337' title='bbox 1127 3447 1166 3492; x_wconf 74' lang='lat' dir='ltr'><strong>D!</strong></span> 
     </span>
     <span class='ocr_line' id='line_1_36' title="bbox 406 3527 1023 3586; baseline -0.003 -11"><span class='ocrx_word' id='word_1_338' title='bbox 406 3529 638 3576; x_wconf 75' lang='lat' dir='ltr'><strong>rossuutotttsus</strong></span> <span class='ocrx_word' id='word_1_339' title='bbox 661 3530 756 3584; x_wconf 75' lang='lat' dir='ltr'><strong>stettts</strong></span> <span class='ocrx_word' id='word_1_340' title='bbox 770 3529 928 3576; x_wconf 72' lang='lat' dir='ltr'><strong>autentus</strong></span> <span class='ocrx_word' id='word_1_341' title='bbox 941 3527 1023 3586; x_wconf 60' lang='lat' dir='ltr'><strong>utus</strong></span> 
     </span>
     <span class='ocr_line' id='line_1_37' title="bbox 365 3605 945 3658; baseline -0.009 -1"><span class='ocrx_word' id='word_1_342' title='bbox 365 3605 371 3617; x_wconf 82' lang='grc'>’</span> <span class='ocrx_word' id='word_1_343' title='bbox 484 3611 523 3657; x_wconf 77' lang='lat' dir='ltr'><strong>li&#39;l&#39;</strong></span> <span class='ocrx_word' id='word_1_344' title='bbox 544 3610 810 3658; x_wconf 74' lang='lat' dir='ltr'><strong>cousuuttartouts</strong></span> <span class='ocrx_word' id='word_1_345' title='bbox 831 3610 945 3658; x_wconf 73' lang='lat' dir='ltr'><strong>secuti.</strong></span> 
     </span>
    </p>
   </div>
   <div class='ocr_carea' id='block_1_7' title="bbox 353 3784 1070 3863">
    <p class='ocr_par' dir='ltr' id='par_1_7' title="bbox 353 3784 1070 3863">
     <span class='ocr_line' id='line_1_38' title="bbox 353 3784 1070 3863; baseline -0.006 -17"><span class='ocrx_word' id='word_1_346' title='bbox 353 3787 478 3847; x_wconf 76' lang='lat' dir='ltr'><strong>ilallhaei</strong></span> <span class='ocrx_word' id='word_1_347' title='bbox 496 3805 559 3863; x_wconf 84' lang='lat' dir='ltr'><strong>cap.</strong></span> <span class='ocrx_word' id='word_1_348' title='bbox 576 3790 670 3860; x_wconf 81' lang='lat' dir='ltr'><strong>XXIV,</strong></span> <span class='ocrx_word' id='word_1_349' title='bbox 686 3789 769 3847; x_wconf 83' lang='lat' dir='ltr'><strong>Lucae</strong></span> <span class='ocrx_word' id='word_1_350' title='bbox 785 3805 847 3862; x_wconf 86' lang='lat' dir='ltr'><strong>cap.</strong></span> <span class='ocrx_word' id='word_1_351' title='bbox 862 3787 948 3845; x_wconf 79' lang='lat' dir='ltr'><strong>XVlll</strong></span> <span class='ocrx_word' id='word_1_352' title='bbox 961 3790 989 3843; x_wconf 87' lang='lat' dir='ltr'><strong>et</strong></span> <span class='ocrx_word' id='word_1_353' title='bbox 1000 3784 1070 3842; x_wconf 82' lang='lat' dir='ltr'><strong>xxt.</strong></span> 
     </span>
    </p>
   </div>
   <div class='ocr_carea' id='block_1_8' title="bbox 101 3977 1325 4361">
    <p class='ocr_par' dir='ltr' id='par_1_8' title="bbox 101 3977 1325 4361">
     <span class='ocr_line' id='line_1_39' title="bbox 143 3977 1322 4066; baseline -0.022 -10"><span class='ocrx_word' id='word_1_354' title='bbox 143 4023 151 4056; x_wconf 89' lang='lat' dir='ltr'><strong>t</strong></span> <span class='ocrx_word' id='word_1_355' title='bbox 174 3998 215 4055; x_wconf 79' lang='lat' dir='ltr'><strong>Du</strong></span> <span class='ocrx_word' id='word_1_356' title='bbox 228 4009 370 4053; x_wconf 83' lang='lat' dir='ltr'><strong>omrvorus</strong></span> <span class='ocrx_word' id='word_1_357' title='bbox 394 4006 544 4049; x_wconf 71' lang='lat' dir='ltr'><strong>imario.</strong></span> <span class='ocrx_word' id='word_1_358' title='bbox 559 4016 594 4031; x_wconf 95' lang='lat'><em>-</em></span> <span class='ocrx_word' id='word_1_359' title='bbox 609 3991 689 4048; x_wconf 88' lang='lat' dir='ltr'><strong>Post·</strong></span> <span class='ocrx_word' id='word_1_360' title='bbox 744 3987 817 4054; x_wconf 91' lang='lat' dir='ltr'><strong>dua;</strong></span> <span class='ocrx_word' id='word_1_361' title='bbox 828 3977 1322 4066; x_wconf 56' lang='lat' dir='ltr'><strong>undeinlibrolffaralipomenomm:</strong></span> 
     </span>
     <span class='ocr_line' id='line_1_40' title="bbox 104 4051 1324 4144; baseline -0.02 -15"><span class='ocrx_word' id='word_1_362' title='bbox 104 4084 190 4144; x_wconf 89' lang='lat' dir='ltr'><strong>quam</strong></span> <span class='ocrx_word' id='word_1_363' title='bbox 206 4083 274 4141; x_wconf 85' lang='lat' dir='ltr'><strong>ergo</strong></span> <span class='ocrx_word' id='word_1_364' title='bbox 292 4066 429 4125; x_wconf 89' lang='lat' dir='ltr'><strong>Dominus</strong></span> <span class='ocrx_word' id='word_1_365' title='bbox 453 4078 646 4120; x_wconf 75' lang='lat' dir='ltr'><strong>erumnarum</strong></span> <span class='ocrx_word' id='word_1_366' title='bbox 662 4067 691 4120; x_wconf 87' lang='lat' dir='ltr'><strong>et</strong></span> <span class='ocrx_word' id='word_1_367' title='bbox 745 4061 812 4118; x_wconf 82' lang='lat' dir='ltr'><strong>Cum</strong></span> <span class='ocrx_word' id='word_1_368' title='bbox 824 4060 979 4139; x_wconf 71' lang='lat' dir='ltr'><strong>teneremus</strong></span> <span class='ocrx_word' id='word_1_369' title='bbox 994 4051 1065 4139; x_wconf 72' lang='lat' dir='ltr'><strong>quid</strong></span> <span class='ocrx_word' id='word_1_370' title='bbox 1077 4066 1160 4121; x_wconf 81' lang='lat' dir='ltr'><strong>aqere</strong></span> <span class='ocrx_word' id='word_1_371' title='bbox 1172 4051 1324 4114; x_wconf 77' lang='lat' dir='ltr'><strong>debeamus,</strong></span> 
     </span>
     <span class='ocr_line' id='line_1_41' title="bbox 105 4121 1325 4208; baseline -0.019 -11"><span class='ocrx_word' id='word_1_372' title='bbox 105 4140 295 4208; x_wconf 80' lang='lat' dir='ltr'><strong>oerimlorum</strong></span> <span class='ocrx_word' id='word_1_373' title='bbox 320 4137 459 4204; x_wconf 84' lang='lat' dir='ltr'><strong>meminit,</strong></span> <span class='ocrx_word' id='word_1_374' title='bbox 483 4140 691 4206; x_wconf 86' lang='lat' dir='ltr'><strong>cousequenter</strong></span> <span class='ocrx_word' id='word_1_375' title='bbox 745 4133 794 4188; x_wconf 78' lang='lat' dir='ltr'><strong>hoe</strong></span> <span class='ocrx_word' id='word_1_376' title='bbox 807 4131 895 4185; x_wconf 84' lang='lat' dir='ltr'><strong>sotum</strong></span> <span class='ocrx_word' id='word_1_377' title='bbox 907 4125 1013 4182; x_wconf 70' lang='lat' dir='ltr'><strong>resides</strong></span> <span class='ocrx_word' id='word_1_378' title='bbox 1031 4123 1173 4181; x_wconf 69' lang='lat' dir='ltr'><strong>Moenus.</strong></span> <span class='ocrx_word' id='word_1_379' title='bbox 1189 4128 1221 4205; x_wconf 72' lang='lat' dir='ltr'><strong>ut</strong></span> <span class='ocrx_word' id='word_1_380' title='bbox 1242 4121 1325 4204; x_wconf 74' lang='lat' dir='ltr'><strong>naula</strong></span> 
     </span>
     <span class='ocr_line' id='line_1_42' title="bbox 105 4195 1324 4281; baseline -0.018 -10"><span class='ocrx_word' id='word_1_381' title='bbox 105 4213 208 4271; x_wconf 85' lang='lat' dir='ltr'><strong>horum</strong></span> <span class='ocrx_word' id='word_1_382' title='bbox 236 4211 393 4270; x_wconf 85' lang='lat' dir='ltr'><strong>remedium</strong></span> <span class='ocrx_word' id='word_1_383' title='bbox 420 4207 526 4276; x_wconf 87' lang='lat' dir='ltr'><strong>subdit,</strong></span> <span class='ocrx_word' id='word_1_384' title='bbox 551 4207 626 4281; x_wconf 89' lang='lat' dir='ltr'><strong>quud</strong></span> <span class='ocrx_word' id='word_1_385' title='bbox 647 4213 691 4265; x_wconf 85' lang='lat' dir='ltr'><strong>est</strong></span> <span class='ocrx_word' id='word_1_386' title='bbox 743 4216 850 4261; x_wconf 80' lang='lat' dir='ltr'><strong>nostros</strong></span> <span class='ocrx_word' id='word_1_387' title='bbox 869 4201 1024 4281; x_wconf 76' lang='lat' dir='ltr'><strong>diriqnmus</strong></span> <span class='ocrx_word' id='word_1_388' title='bbox 1050 4196 1090 4251; x_wconf 89' lang='lat' dir='ltr'><strong>ed</strong></span> <span class='ocrx_word' id='word_1_389' title='bbox 1109 4200 1145 4253; x_wconf 86' lang='lat' dir='ltr'><strong>te.</strong></span> <span class='ocrx_word' id='word_1_390' title='bbox 1166 4195 1241 4263; x_wconf 80' lang='lat' dir='ltr'><strong>Quia</strong></span> <span class='ocrx_word' id='word_1_391' title='bbox 1255 4205 1324 4250; x_wconf 85' lang='lat' dir='ltr'><strong>enm</strong></span> 
     </span>
     <span class='ocr_line' id='line_1_43' title="bbox 101 4263 1325 4361; baseline -0.021 -14"><span class='ocrx_word' id='word_1_392' title='bbox 101 4286 194 4347; x_wconf 82' lang='lat' dir='ltr'><strong>oratio</strong></span> <span class='ocrx_word' id='word_1_393' title='bbox 208 4284 417 4361; x_wconf 67' lang='lat' dir='ltr'><strong>praemeditata,</strong></span> <span class='ocrx_word' id='word_1_394' title='bbox 431 4298 464 4342; x_wconf 84' lang='lat' dir='ltr'><strong>ae</strong></span> <span class='ocrx_word' id='word_1_395' title='bbox 475 4282 552 4358; x_wconf 74' lang='lat' dir='ltr'><strong>jugis</strong></span> <span class='ocrx_word' id='word_1_396' title='bbox 567 4286 596 4340; x_wconf 90' lang='lat' dir='ltr'><strong>et</strong></span> <span class='ocrx_word' id='word_1_397' title='bbox 612 4279 690 4338; x_wconf 86' lang='lat' dir='ltr'><strong>assi·</strong></span> <span class='ocrx_word' id='word_1_398' title='bbox 743 4274 854 4334; x_wconf 81' lang='lat' dir='ltr'><strong>dixerat</strong></span> <span class='ocrx_word' id='word_1_399' title='bbox 879 4273 1015 4330; x_wconf 78' lang='lat' dir='ltr'><strong>Dominus</strong></span> <span class='ocrx_word' id='word_1_400' title='bbox 1035 4267 1072 4326; x_wconf 87' lang='lat' dir='ltr'><strong>de</strong></span> <span class='ocrx_word' id='word_1_401' title='bbox 1095 4283 1149 4326; x_wconf 89' lang='lat' dir='ltr'><strong>suo</strong></span> <span class='ocrx_word' id='word_1_402' title='bbox 1166 4266 1263 4326; x_wconf 84' lang='lat' dir='ltr'><strong>tuturo</strong></span> <span class='ocrx_word' id='word_1_403' title='bbox 1278 4263 1325 4322; x_wconf 86' lang='lat' dir='ltr'><strong>ad·</strong></span> 
     </span>
    </p>
   </div>
   <div class='ocr_carea' id='block_1_9' title="bbox 0 0 1432 4928">
    <p class='ocr_par' dir='ltr' id='par_1_9' title="bbox 0 0 1432 4928">
     <span class='ocr_line' id='line_1_44' title="bbox 0 0 1432 4928; baseline 0 0"><span class='ocrx_word' id='word_1_404' title='bbox 0 0 1432 4928; x_wconf 95' lang='lat' dir='ltr'><strong> </strong></span> 
     </span>
    </p>
   </div>
  </div>
 </body>
</html>
