2820 4928
105 377 153 428 356

114 487 202 538 tatem
227 476 355 535 Christus
378 477 414 533 ad
438 493 489 535 nos
513 477 697 534 redimendos

114 549 697 621 venit,sectemurcaritatem,utperbanc,

116 638 172 695 qua
186 621 223 677 ad
242 636 295 677 nos
314 619 443 678 Christus
462 620 609 677 descendit
627 619 698 676 dile-

115 692 217 749 ctionis
229 690 407 758 viam,etiam
421 708 473 748 nos
484 691 521 748 ad
535 691 626 764 ipsum
655 707 698 747 os·

113 764 203 820 simus
220 762 387 819 ascendere.
404 793 437 804 -
455 763 586 820 Secundo
603 779 618 819 e
653 777 698 818 ca-

115 835 195 898 citer,
208 834 283 906 quod
296 839 374 906 patet
393 850 444 905 per
454 850 536 906 opus,
546 833 640 890 dando
652 850 696 890 se·

112 905 217 976 ipsum,
229 910 258 961 et
265 906 398 976 ponendo
410 904 533 961 animam
539 921 591 1032 tro
602 904 696 974 nobis,

114 976 182 1050 quia
191 976 319 1048 probatio
334 975 493 1033 dilectionis
504 992 535 1032 ex
560 975 640 1032 ibitio
653 984 697 1032 est

113 1047 218 1121 operis.
234 1050 289 1104 Nos
308 1064 376 1119 ergo
392 1049 444 1103 boc
459 1047 587 1119 exemplo
604 1047 698 1103 citica-

114 1125 185 1176 citer
200 1125 227 1175 ct
242 1118 385 1175 fructuose
399 1118 518 1174 invicem
532 1118 695 1189 diligamus,

114 1191 271 1249 secundum
288 1189 355 1247 illud
371 1189 490 1246 loannis
504 1208 511 1246 ε
524 1193 583 1248 Noa
593 1191 696 1259 ditiqu-

112 1280 173 1318 mus
188 1262 280 1330 vebo,
294 1278 381 1332 neque
393 1264 500 1330 linqua,
512 1262 560 1316 ced
576 1277 655 1332 opere
669 1265 694 1316 et

113 1337 238 1389 ueritate,
257 1334 290 1388 Et
310 1332 398 1389 multo
416 1331 507 1403 magis
523 1334 611 1388 Deum
628 1331 694 1388 dilt-

112 1408 260 1477 gamus,ul
270 1419 431 1459 sermonem
443 1410 471 1459 et
482 1403 618 1461 mandata
631 1405 694 1474 ejus

112 1491 268 1532 servemus.
284 1506 314 1515 -
330 1473 425 1530 Tertio
439 1482 526 1541 recte,
542 1477 608 1545 quia
619 1475 693 1531 hanc

111 1546 294 1602 dilectionem
305 1546 340 1602 ad
353 1549 478 1600 nostram
488 1544 693 1602 beatitudinem

111 1618 264 1683 ordinavit,
279 1622 307 1672 et
322 1620 352 1672 ot
372 1616 408 1671 ad
426 1617 514 1672 Deum
530 1633 582 1673 nos
597 1617 692 1673 trabe·

111 1693 167 1755 rct;
185 1703 241 1743 non
260 1688 331 1742 sicut
346 1685 478 1741 homines
494 1703 556 1743 sese
570 1686 691 1743 invicem

108 1757 271 1824 carnaliter,
287 1761 315 1811 et
331 1773 382 1829 pro
404 1757 554 1814 commodo
575 1763 690 1815 terreno

109 1829 269 1902 diligentes.
283 1826 329 1885 Sic
348 1833 460 1900 ergoet
478 1845 530 1884 nos
546 1827 574 1884 in
595 1832 692 1901 proxi·

110 1900 174 1967 mis,
194 1917 251 1957 non
270 1899 346 1971 quod
364 1898 494 1956 beneficii
514 1906 567 1968 est,
586 1917 633 1956 scu
651 1901 692 1956 di·

108 1972 247 2040 lectionis,
265 1971 315 2028 sed
332 1971 407 2042 quod
422 1971 470 2027 Dei
494 1977 537 2028 est
554 1972 690 2030 debemus

108 2043 239 2116 diligere,
255 2048 284 2100 et
298 2042 419 2098 invicem
429 2044 464 2098 ad
479 2044 544 2111 boc,
560 2046 690 2100 utDeum

108 2115 274 2171 ualeamus.
284 2115 355 2171 Sunt
366 2113 440 2169 enim
456 2113 557 2170 :amici
567 2119 688 2185 natura,

107 2192 135 2241 et
154 2194 221 2242 sunl
236 2185 320 2242 amici
336 2189 467 2251 tortunae,
482 2190 511 2241 et
525 2191 589 2241 sunt
603 2186 688 2242 amici

107 2259 218 2327 gratie,
234 2264 263 2312 et
277 2256 305 2312 bi
319 2254 410 2311 ultimi
428 2255 479 2311 soli
493 2256 689 2325 approbantur

105 2329 203 2384 aneo.
221 2327 297 2382 Licet
313 2325 386 2380 enim
411 2325 439 2380 in
457 2327 606 2382 dilectione
624 2343 689 2398 pro·

104 2397 182 2464 rimi,
191 2395 528 2453 includaturdilectiollei
541 2403 687 2469 tamquam

105 2468 297 2541 principalior,
318 2465 385 2540 quia
413 2470 557 2539 proximus
574 2476 688 2526 nonest

106 2540 266 2613 diligendus
289 2538 342 2596 nisi
366 2545 483 2611 propter
502 2542 607 2608 Deum;
625 2541 686 2597 Sal-

105 2623 186 2669 vator
203 2617 298 2669 tamen
314 2610 360 2667 bic
378 2612 470 2681 magis
487 2610 554 2667 tacit
568 2614 686 2668 mentio

105 2699 338 2756 nemexprcssam
346 2682 381 2738 de
392 2681 543 2738 dilectione
553 2683 684 2754 proximi,

102 2772 188 2826 quam
207 2757 269 2822 Dei,
289 2770 353 2811 cum
373 2752 451 2821 dicit,
471 2756 596 2821 invicem,
617 2754 685 2826 quia

103 2827 269 2883 intendebat
281 2825 430 2897 Apostolos
445 2825 579 2881 inducere
591 2825 627 2881 ad
643 2843 682 2883 ae-

102 2897 306 2959 diticationem
323 2905 351 2952 et
370 2895 592 2953 consolationem
610 2897 681 2955 fida-

100 2971 179 3036 lium,
195 2975 222 3026 et
237 2970 273 3025 ad
287 2967 471 3040 perferendas
482 2967 682 3026 tribulationes

99 3047 321 3112 persecutorum,
333 3040 368 3095 ad
381 3038 459 3110 quod
470 3038 682 3096 necessariaest

99 3111 204 3169 caritas
220 3110 351 3184 proximi.
368 3126 430 3182 quae
453 3114 561 3177 tamen,
581 3116 611 3166 ut
637 3111 679 3167 di·

97 3190 173 3239 ctum
186 3190 238 3251 est,
254 3181 372 3239 includit
384 3180 531 3238 caritatem
546 3181 607 3238 Dei.

134 3261 150 3310 6
166 3257 250 3310 Suasa
264 3271 440 3309 ninncmoms.
458 3284 492 3293 —
509 3255 541 3308 Et
554 3252 677 3309 iterum:

95 3326 229 3394 dicijorem
245 3327 295 3380 bac
308 3326 479 3381 ditectionem
494 3339 571 3379 amno
585 3325 678 3389 hebd,

95 3401 126 3450 ut
138 3398 261 3450 unimam
275 3411 353 3449 suam
365 3399 452 3464 portat
466 3398 530 3464 quis
544 3411 594 3464 pro
611 3399 679 3451 ami·

95 3469 135 3522 cis
160 3468 228 3522 suis.
249 3465 434 3521 Dilectioncm
460 3469 541 3519 vocat
566 3465 612 3522 bic
637 3467 677 3522 si·

94 3552 192 3609 gnum,
208 3542 236 3591 et
251 3534 447 3606 probationem
463 3534 633 3602 dilectionis,
648 3536 676 3592 id

93 3614 137 3666 est
153 3606 356 3664 exhibitionem
379 3604 483 3676 operis,
499 3607 675 3663 transferens

95 3681 130 3738 de
147 3679 276 3736 causaad
291 3677 432 3735 ellectum.
444 3676 601 3747 thuidcm
615 3680 676 3734 nul·

94 3754 151 3809 lum
178 3752 272 3824 majus
291 3749 451 3806 dilectionis
475 3753 674 3820 argumentum

93 3829 233 3895 estonam
245 3837 352 3894 ponere
361 3823 485 3876 animam
497 3836 548 3892 pro
561 3820 671 3890 amicis,

92 3897 146 3952 boc
161 3894 236 3952 enim
255 3899 297 3949 est
312 3891 442 3949 ultimum
455 3891 566 3963 signum
587 3909 672 3949 amo·

93 3969 144 4034 ris,
161 3970 235 4022 ultra
249 3965 325 4037 quod
335 3979 390 4019 non
402 3963 529 4019 estaliud
539 3962 670 4021 inveniri.

90 4039 178 4094 Amor
189 4053 311 4107 namque
321 4052 375 4118 per
385 4041 507 4106 quatuor
521 4033 602 4104 signa
612 4042 672 4107 pot-

91 4118 134 4165 est
152 4109 327 4165 maniiestari
353 4124 360 4161 :
383 4109 486 4179 primo,
505 4120 557 4177 per
572 4107 669 4177 rerba,

90 4182 206 4251 quando
223 4179 299 4235 enim
313 4194 362 4234 coc
375 4177 503 4234 abundat
517 4176 545 4232 in
560 4190 668 4245 amore,

12 4270 14 4275 ·
58 4258 61 4265 '
87 4256 153 4307 tnnc
168 4249 334 4306 osabundat
348 4249 374 4303 in
389 4248 669 4319 scrinadanmani

86 4323 261 4377 abundantia
272 4322 361 4376 cordis
375 4337 404 4376 os
414 4323 554 4391 loquitur:
569 4335 668 4377 secun-

459 374 615 429 secuuua
643 371 762 429 rearis
788 371 893 427 cirur
922 373 1003 429 nvn
1360 334 1362 429 i

753 476 994 559 do,·percollata
1008 478 1326 564 beneficiaetistndat
1358 452 1362 529 1

753 563 845 674 ffifflm
866 563 989 620 signum
1017 566 1117 622 quam
1138 569 1265 625 primum,
1281 561 1326 631 quii
1360 592 1362 597 ·

812 618 832 674 ti
858 619 1011 702 servirent
1043 622 1086 679 de
1107 624 1206 682 verbis
1228 628 1326 703 suisqu?

752 696 968 748 conservarent
986 692 1028 749 de
1052 693 1121 751 suis
1145 698 1246 767 rebus;
1259 705 1326 764 temo.

751 776 802 833 per
814 761 957 845 obsequia
975 766 1169 836 personalia.
1186 776 1215 825 et
1226 768 1290 828 istud
1301 782 1327 831 cst

741 832 842 889 adbuc
857 849 956 906 maius
975 833 1106 907 signum
1128 854 1219 910 quam
1236 843 1327 913 prinus

752 905 794 960 vel
809 909 980 973 secundum,
997 907 1092 964 multi
1116 909 1198 967 enim
1220 917 1328 973 semma

750 975 786 1032 de
800 990 852 1031 sua
866 975 1052 1049 substantia,
1071 979 1124 1051 qui
1143 998 1205 1040 non
1221 985 1330 1045 serviant

751 1047 785 1102 de
800 1062 851 1103 sua
864 1062 1010 1119 persona;
1031 1058 1146 1122 quarto
1160 1070 1214 1126 per
1227 1056 1328 1127 macta

750 1119 863 1189 quando
875 1117 990 1201 scilicet
1004 1124 1078 1202 quis
1091 1139 1149 1195 pro
1163 1142 1260 1184 amore
1269 1132 1328 1188 anuci

748 1205 778 1244 se
792 1193 908 1261 exponit
926 1198 1033 1261 morti,
1050 1196 1139 1251 multi
1157 1198 1236 1255 enim
1253 1200 1329 1258 demut

748 1275 898 1332 personam
926 1262 964 1319 ad
991 1263 1207 1337 serviendum,
1226 1273 1271 1342 qui
1291 1290 1329 1330 noa

748 1332 850 1387 darent
863 1332 994 1389 animam
1005 1351 1096 1393 suam
1106 1340 1147 1394 ad
1160 1341 1328 1401 moriendum.

747 1403 779 1458 ln
796 1404 849 1459 boc
861 1419 930 1475 ergo
947 1408 1032 1475 quod
1050 1408 1195 1468 Christus
1208 1418 1329 1484 pronubis

747 1472 873 1556 cruciligi
886 1484 915 1529 et
929 1476 1008 1533 mori
1021 1478 1132 1548 voluit,
1149 1484 1286 1542 infinitam
1296 1504 1329 1544 no

747 1544 791 1600 bis
801 1549 1108 1628 caritatemostendit.
1120 1553 1176 1610 Ubi
1188 1556 1328 1625 dream

747 1637 762 1666 a
778 1617 847 1672 lton
872 1621 958 1674 etiam
985 1635 1045 1690 pro
1066 1620 1201 1682 inimicis
1218 1629 1328 1687 mnrium

746 1693 871 1756 venerat,
884 1694 912 1744 et
932 1697 1037 1747 tamen
1054 1693 1224 1765 positurum
1243 1716 1270 1756 ae
1281 1702 1327 1757 ani·

746 1774 822 1815 mam
850 1775 900 1830 pro
925 1760 1032 1819 amicis
1052 1764 1191 1837 dicebat,
1213 1776 1242 1827 ut
1265 1773 1327 1829 nobis

746 1830 920 1900 ostenderet,
941 1833 1091 1904 quoniam
1112 1855 1182 1895 cum
1205 1840 1326 1914 diligendo

746 1900 853 1982 lucrum
867 1902 959 1984 tacere
974 1904 1014 1961 de
1030 1904 1170 1967 inimicis
1185 1927 1326 1984 pomanus,

745 1976 831 2028 etiam
846 1990 899 2043 ipsi
912 1973 999 2031 amici
1014 1984 1088 2033 sunt
1103 1981 1157 2052 qui
1170 1999 1326 2057 persequun-

745 2049 800 2098 tur.
817 2043 1005 2115 Consequens
1021 2065 1098 2120 ergo
1115 2059 1174 2121 est,
1197 2062 1227 2111 ut
1247 2072 1325 2128 quen·

744 2114 895 2197 admodum
908 2117 1040 2175 Christus
1057 2122 1198 2182 animam
1237 2144 1267 2184 ro
1285 2146 1325 2186 no

744 2183 788 2240 bis
797 2193 900 2257 posuit,
910 2187 950 2243 sic
964 2193 995 2244 et
1008 2191 1132 2250 animas
1147 2212 1201 2267 pro
1210 2143 1325 2257 fratribus

743 2272 890 2327 ponamus.
911 2279 925 2311 u
945 2260 1081 2327 Quatuor
1100 2270 1183 2324 enim
1201 2277 1264 2326 sunt
1278 2272 1325 2328 dili

743 2328 836 2398 genda
847 2344 899 2400 per
913 2331 1044 2414 ordinem
1060 2350 1100 2391 ex
1116 2339 1252 2407 caritate,
1263 2342 1324 2399 scili·

743 2403 787 2454 cet
802 2415 809 2454 :
826 2402 1261 2482 Deus,an1ma,pr0ximus,et
1278 2431 1325 2471 cor

742 2483 813 2552 pus..
820 2472 853 2526 Et
865 2472 928 2529 ideo
942 2489 1012 2556 cum·
1020 2477 1135 2536 caritas
1144 2481 1322 2542 attaminata:

743 2556 792 2611 pro
805 2558 866 2613 ipso
881 2545 948 2613 Deo,
982 2559 1074 2604 uuest
1091 2554 1225 2623 primum
1239 2563 1266 2612 et
1278 2573 1322 2613 ma·

740 2611 848 2695 nimum
863 2561 1012 2698 diligibsse,
1033 2634 1069 2674 ex
1087 2627 1214 2682 caritate
1232 2627 1323 2685 debent

739 2684 795 2766 alia
812 2689 867 2741 tria
882 2701 994 2768 erponi,
1010 2688 1089 2747 sicut
1104 2694 1207 2753 minus
1219 2713 1269 2769 pro
1277 2715 1322 2756 me

735 2770 792 2827 Jori
805 2773 816 2837 ;Ι
831 2771 882 2829 pro
902 2774 997 2815 anima
1016 2777 1088 2819 vero
1110 2768 1234 2841 propria
1251 2771 1321 2828 debet

738 2842 882 2910 proximus
902 2834 929 2884 et
949 2845 1053 2903 corpus
1081 2839 1240 2910 proprium
1264 2859 1319 2899 con·

737 2903 843 2980 temn1;
863 2905 891 2956 et
903 2915 954 2972 pro
973 2903 1068 2961 salute
1093 2910 1225 2978 proximi
1249 2912 1320 2970 debet

736 2974 793 3025 rita
808 2971 962 3041 corporalis
976 2975 1092 3046 exponi.

771 3042 945 3114 7Ciuurnr1s
957 3061 1157 3108 axcamaurui.
1179 3086 1211 3097 -
1231 3059 1263 3114 Et
1276 3058 1317 3112 ite

735 3127 798 3168 rum
816 3116 898 3170 :Hae
911 3118 1012 3172 mondo
1035 3122 1128 3189 uobis,
1145 3131 1181 3181 ut
1202 3129 1317 3197 daona

734 3186 861 3266 lauicana,
877 3184 1040 3268 quiaalitcr
1059 3192 1178 3252 nullum
1195 3198 1316 3257 solatium

733 3254 885 3325 babebitis,
900 3258 954 3314 nisi
977 3257 1006 3314 in
1024 3263 1107 3320 vobis
1128 3270 1253 3327 invicem
1272 3270 1320 3325 ba·

735 3326 833 3406 beatis,
851 3328 900 3384 sed
926 3331 1033 3401 absque
1056 3333 1231 3410 dilectione,
1249 3341 1313 3397 sola·

733 3403 813 3461 tium,
828 3404 856 3455 et
873 3400 1099 3462 consolationem
1119 3406 1154 3465 in
1176 3414 1256 3470 vobis
1270 3411 1313 3468 in-

733 3468 821 3525 vicem
846 3471 950 3528 babere
976 3489 1031 3528 non
1053 3480 1193 3546 potestis.
1213 3485 1312 3540 Praece-

731 3544 809 3610 ptum
830 3540 989 3598 dilectionis
1006 3559 1124 3615 semper
1140 3549 1277 3622 inculcat,
1289 3561 1312 3610 et

732 3620 876 3691 tamquam
898 3613 959 3670 sola
978 3612 1095 3675 dilectio
1124 3625 1312 3698 praecipienda

730 3687 853 3764 s1t‚cam
876 3700 988 3767 semper
1002 3694 1205 3752 commendat.
1221 3699 1255 3754 Et
1271 3712 1310 3753 re·

728 3768 796 3808 vera
813 3755 858 3810 ille
884 3771 933 3826 qui
951 3755 1001 3824 ait,
1020 3760 1094 3817 habe
1119 3771 1273 3824 caritatem
1288 3772 1312 3823 et

728 3823 771 3905 tac
792 3840 980 3908 quaecumque
995 3829 1046 3897 iis,
1060 3838 1146 3902 quasi
1163 3840 1256 3896 solam
1270 3854 1310 3895 ct·

727 3901 935 3978 ritatemusus
946 3903 990 3955 est
1004 3904 1203 3977 praecepisse;
1219 3920 1310 3968 elme

726 3973 791 4034 rito,
807 3983 874 4048 quta
890 3968 951 4041 ipsa
965 3972 1040 4028 valet
1053 3973 1114 4032 sine
1130 3979 1235 4039 usibus
1249 3981 1310 4038 mul·

725 4042 817 4093 tarum
829 4045 974 4120 uirtutum,
982 4044 1032 4100 sed
1043 4051 1141 4104 cetera
1149 4053 1250 4109 omnia
1258 4069 1309 4110 nou

724 4109 820 4167 valent
833 4127 895 4167 sine
911 4128 954 4169 ca.
965 4115 1054 4185 Unde,
1067 4124 1233 4182 secundum
1248 4127 1308 4184 dia-

723 4185 842 4263 porium.
857 4182 893 4239 de
905 4183 1055 4243 dilectione
1072 4192 1157 4261 quasi
1168 4195 1207 4253 de
1218 4197 1308 4269 singu

723 4250 775 4308 lari
789 4254 924 4311 mandato
939 4257 1073 4316 [lominus
1089 4262 1232 4336 loquitur,
1245 4267 1308 4340 quia

722 4338 806 4381 omne
832 4327 996 4385 mandalum
1012 4329 1048 4386 dc
1074 4333 1136 4389 sola
1153 4336 1306 4397 dilectione
