2820 4928
86 361 133 420 300
432 369 588 423 SECUNDAE
616 369 734 424 elutis
761 366 865 420 citur
894 365 986 419 xllx

85 480 158 536 hora
171 475 409 551 peregrinationis
427 493 486 535 suae
505 476 669 546 terminum,
725 491 804 533 mum
814 488 898 531 suum
909 471 1116 545 suspendere:
1132 470 1200 554 etin
1210 473 1305 553 ejusne·

85 555 113 609 el
124 550 258 612 ereasiuii
274 552 357 622 hujus
372 565 530 623 egressum,
542 565 606 606 cum
620 565 670 606 suo
725 547 753 605 di
768 544 984 619 exspectatione
1001 545 1174 601 vehementi
1189 544 1306 623 desiderio

87 621 228 679 desiderio
244 633 425 695 exspectare3
441 626 470 679 et
489 622 526 678 ad
546 621 615 677 illud
632 620 673 678 di·
726 621 872 684 anhelare.
884 624 916 676 nt
926 616 957 674 id
968 617 1051 689 quod
1063 615 1263 673 inteximiidel
1271 632 1307 687 per

86 693 159 750 vinae
187 694 437 768 contemplationis
463 694 670 766 spectaculum,

87 766 163 838 quod
184 765 214 823 in
237 767 333 825 lutura
357 767 415 824 vita
439 781 599 839 speramus,
615 764 673 822 ani·

727 691 884 765 speculum,
902 695 932 746 et
949 688 982 745 in
998 688 1172 762 aenigmate,
1187 697 1308 746 mereatur

728 765 800 822 tacie
812 760 969 821 adfaciem
984 761 1104 818 videre.

642 952 770 1011 ORATIO

125 1157 243 1216 Domina
257 1159 325 1217 Jesu
348 1157 467 1227 Christe,
483 1157 590 1229 Sponsa
607 1156 692 1223 bone,
708 1153 745 1211 da
769 1150 840 1209 mibi
855 1166 929 1235 ‘cum
954 1150 1158 1234 prudentibus
1178 1151 1314 1224 iiigiidbu

89 1232 166 1288 bona
180 1245 276 1302 opera,
292 1233 318 1285 et
336 1227 493 1285 intentione
515 1235 592 1285 recta
606 1227 709 1295 lacere,
735 1240 768 1282 ac
787 1223 816 1281 in
838 1239 878 1280 eis
903 1224 1066 1297 vigilanter
1085 1230 1313 1296 perseverarent

88 1308 206 1376 paratus
222 1305 360 1364 inventus,
372 1302 408 1357 ad
424 1299 536 1372 nuptias
547 1308 610 1356 tuas
623 1298 732 1354 valeam
746 1296 903 1370 gaudenter
914 1295 1038 1353 intrare.
1059 1297 1144 1365 Peto,
1160 1298 1312 1365 Dominent

89 1380 186 1429 notniii
202 1373 287 1429 tactas
302 1372 369 1428 milii
388 1373 472 1429 linem
488 1389 581 1428 meum
599 1377 750 1441 antequam
767 1368 871 1437 veniat,
888 1373 916 1425 et
932 1384 969 1450 ne
990 1384 1039 1451 me
1062 1368 1311 1437 subpatriana

90 1461 175 1517 qnam
189 1451 303 1516 peccata
319 1461 381 1502 mea
395 1444 531 1510 dimittas,
548 1450 576 1500 ul
593 1447 619 1500 in
636 1444 705 1499 tiara
722 1442 816 1499 exitus
833 1440 887 1497 mei
904 1441 974 1498 ultio
990 1441 1097 1497 divina
1113 1457 1204 1513 super
1217 1457 1258 1497 me
1271 1456 1310 1496 non

90 1516 195 1585 veniat,
211 1522 239 1572 et
254 1525 379 1587 potestas
394 1518 576 1572 tenebrarum
596 1514 665 1571 mihi
679 1530 735 1570 non
747 1518 887 1581 occurrat,
902 1528 954 1570 nec
970 1519 1100 1581 noceat;
1118 1514 1173 1569 sed
1187 1513 1268 1569 talem
1280 1527 1311 1569 nc

90 1586 151 1644 dies
165 1587 381 1645 examinationis
396 1587 507 1659 reddat,
523 1588 635 1658 qualem
649 1602 695 1643 me
709 1586 772 1643 tons
786 1582 1014 1658 regenerationis
1031 1585 1180 1645 exhibuit.
1194 1588 1285 1642 Anien.

568 1929 706 2004 CAPUT
727 1931 831 2004 XLIX
879 1958 880 1963 ¹

276 2187 280 2195 ·
298 2170 336 2214 DE
352 2168 498 2217 eunucis
516 2171 555 2215 ΕΤ
571 2170 657 2217 BONIS
673 2170 820 2218 tuumne
836 2170 936 2216 suavis
954 2169 1113 2217 anamma.

187 2363 189 2368 ·
271 2355 395 2414 Matthaei
410 2373 472 2430 cap.
487 2359 569 2431 XXV,
584 2360 671 2417 lltarci
685 2325 752 2435 cap.
768 2362 829 2420 lllll
844 2364 873 2419 et
887 2361 970 2419 Lucae
989 2375 1054 2434 cap.
1070 2362 1146 2420 xix.

130 2578 139 2614 i
156 2559 303 2614 rainoni
316 2573 350 2612 nx
361 2573 490 2613 racemis
504 2574 676 2616 sencianirnn

90 2649 125 2689 an
132 2646 273 2687 raanaros
280 2629 675 2702 saucians-Subjungitlln·

92 2703 185 2760 minus
198 2702 351 2759 secundam
365 2702 529 2775 parabolam
540 2705 575 2759 de
587 2703 674 2759 talen·

91 2774 138 2843 tis,
148 2791 210 2846 quae
221 2773 382 2847 specialiter
391 2772 513 2845 pertinet
526 2773 562 2829 ad
572 2775 673 2844 praela·

92 2853 146 2909 tos.
162 2846 229 2918 quia
243 2846 305 2904 licet
318 2862 427 2915 omnes,
444 2848 565 2902 maxime
580 2856 674 2903 tamen

89 2921 223 2992 praelatos
237 2917 356 2989 inducit,
371 2923 402 2975 ut
415 2918 564 2989 vigilantes
578 2917 676 2989 gratiis

92 2997 121 3048 ot
135 2992 218 3049 donis
231 3009 248 3048 a
266 2994 321 3048 Deo
337 2990 458 3063 receptis
472 2991 547 3047 bene
561 2996 677 3047 utantur

93 3065 128 3121 ad
149 3065 198 3121 Dei
214 3063 344 3138 gloriam.
361 3068 389 3121 et
406 3065 446 3120 sui
463 3065 675 3135 perlectionem,

93 3141 121 3191 ct
134 3135 254 3206 proximi
271 3135 499 3204 aedificationem,
512 3142 540 3193 et
553 3136 677 3191 linctum

93 3208 227 3275 atterant,
246 3207 373 3279 exemplo
393 3224 549 3270 servorum.
569 3207 617 3279 qui
642 3207 677 3264 de

94 3279 208 3337 talentis
221 3280 320 3337 lucrati
335 3287 410 3349 sunt,
421 3286 450 3337 et
465 3297 482 3337 a
497 3280 617 3337 Domino
633 3295 677 3336 ve·

94 3349 190 3407 nicole
210 3351 403 3420 remunerati;
426 3368 477 3408 nec
500 3351 678 3409 abscondant

93 3420 217 3489 interra,
226 3423 270 3478 iel
283 3423 562 3494 sudario,praedictis
572 3426 677 3481 utendo

93 3492 129 3548 ad
145 3493 244 3549 mundi
259 3495 379 3567 gloriam
398 3497 441 3550 vet
456 3496 613 3566 temporale
630 3499 677 3550 lii-

92 3580 182 3627 crum,
196 3580 246 3621 seu
262 3565 377 3622 carnale
390 3568 580 3633 commodum,
594 3582 630 3622 ne
645 3571 678 3622 nt

93 3653 191 3694 serius
209 3636 288 3710 piger
310 3642 338 3694 et
357 3645 474 3709 torpens
494 3637 675 3702 damnentur,

92 3725 125 3765 ac
141 3710 217 3768 toras
231 3718 308 3767 eitra
323 3720 492 3768 conventum
509 3713 676 3768 Sanctorum

96 3782 125 3837 iii
147 3786 281 3840 tenebras
303 3782 456 3840 citeriores
473 3790 501 3840 et
523 3784 678 3842 internatas

92 3853 249 3926 ejiciantur.
260 3854 599 3927 Etprim0‚circastatum
607 3873 676 3928 prae·

92 3927 216 3984 latorum
239 3927 415 4001 specialiter,
441 3934 469 3985 et
492 3929 676 3986 nihilominus

93 3997 215 4056 allorum
229 4000 361 4059 describit
373 3998 505 4058 meritum
517 4007 545 4057 el
558 4000 677 4058 demeri-

94 4074 153 4152 tiim
168 4071 291 4145 propriae
306 4072 442 4143 actionis3
455 4075 589 4142 secundo,
599 4072 676 4145 judi·

94 4157 169 4224 cium
195 4143 383 4215 discretIonis,
400 4144 464 4202 ideo
491 4144 586 4202 dicit:
609 4144 676 4202 Dico

94 4214 219 4273 vobisut
235 4217 355 4290 vigiletis
375 4216 588 4287 benefaciendo,
604 4228 633 4274 et
648 4219 677 4274 in

94 4285 179 4366 bonis
198 4292 434 4418 Jierseverando,
465 4289 533 4363 quia
562 4288 676 4347 nescitis

94 4357 197 4422 illema
219 4361 678 4438 ventuasponsietludicis,aicut

730 2558 853 2616 bominis
870 2573 989 2631 peregre
1003 2558 1217 2628 proficiscentis
1229 2557 1310 2616 inner-

730 2635 776 2687 lus
792 2635 835 2687 est
847 2629 955 2688 reditus
970 2630 1145 2689 servissuis.

767 2723 781 2759 a
803 2704 910 2769 Qnmiii
926 2719 993 2760 saur
1008 2720 1198 2760 nurnicaurns
1214 2721 1246 2761 xr
1263 2720 1312 2760 aas

730 2790 885 2850 coenamus
900 2776 1043 2831 riccarii
1056 2805 1090 2816 -
1105 2777 1234 2847 Sponsus
1248 2775 1310 2832 eniri

730 2849 892 2918 praedictus,
915 2850 987 2903 sicut
1005 2848 1085 2903 bomo
1105 2864 1223 2920 peregre
1239 2850 1311 2920 prop·

730 2921 842 2981 cienena.
859 2918 1014 2975 secundum
1029 2934 1148 2991 corpus,
1165 2920 1272 2977 scilicet
1284 2917 1311 2974 al

732 2990 875 3048 coelestem
901 2991 1024 3062 patriam
1052 3005 1173 3048 carnem
1199 2999 1310 3049 nostran

729 3061 1309 3135 portans,peregrinatioenimluitcoelun

731 3135 821 3203 carni,
838 3141 882 3192 vel
906 3136 974 3205 quia
988 3149 1005 3191 a
1019 3135 1105 3191 nobis
1130 3152 1189 3192 non
1213 3136 1308 3193 videtui

730 3204 760 3261 in
783 3205 928 3278 praesenti,
950 3209 1060 3263 vocavit
1088 3222 1186 3263 sevos
1210 3209 1308 3264 sunau

731 3280 850 3335 tradidit
866 3281 924 3334 illia
940 3278 1009 3334 bonu
1022 3293 1084 3343 sua,
1103 3278 1217 3336 scilicet
1230 3280 1308 3335 talen·

730 3356 760 3407 ta
776 3368 782 3406 :
799 3353 935 3424 quinque,
947 3350 1013 3418 duo,
1028 3355 1056 3406 el
1071 3366 1162 3407 unum
1179 3352 1217 3408 ad
1231 3347 1310 3408 tructi-

731 3423 892 3491 ficandum,
912 3425 1062 3493 unicuique
1084 3424 1239 3479 secundum
1255 3437 1310 3495 pro·

730 3498 823 3566 prium
837 3498 976 3557 uirtutem.
993 3493 1103 3552 scilicet
1119 3495 1309 3567 susceptivam.

730 3583 864 3639 nequem
880 3573 1020 3639 gravaret,
1036 3582 1089 3623 nec
1104 3566 1245 3639 cuiquam
1256 3564 1312 3623 ‹tet-

731 3645 824 3709 rarel3
840 3647 869 3696 et
880 3645 923 3696 est
938 3642 1141 3710 argumentum
1158 3640 1237 3700 inde.
1248 3634 1312 3711 quod

732 3714 804 3768 Deus
831 3727 889 3769 non
913 3710 1041 3784 praecipit
1065 3709 1249 3782 impossibile
1267 3713 1313 3766 :et

729 3787 870 3856 profectus
880 3791 919 3841 est
931 3785 1038 3846 statim,
1050 3781 1173 3840 liberam
1190 3785 1233 3841 ais
1243 3786 1312 3855 pote·

731 3862 833 3914 statem
845 3855 981 3929 operandi
990 3857 1169 3926 permittens.
1181 3857 1264 3912 Abiit
1271 3869 1313 3910 ou·

731 3933 799 3998 tem,
826 3945 879 4001 per
909 3928 1043 3985 allectum
1071 3927 1244 3997 voluntatis,
1290 3925 1314 3980 ui

731 4004 858 4083 quinque.
872 4002 977 4058 talentu
997 4004 1150 4071 acceperat,
1168 3998 1199 4056 id
1216 4003 1259 4082 est
1271 3944 1314 4054 go

730 4089 798 4131 num
812 4089 935 4145 quinque
951 4088 1095 4140 sensuum,
1110 4077 1139 4128 et
1149 4077 1314 4130 exteriorem

730 4145 878 4204 scientiam
896 4144 1022 4217 quinque
1042 4142 1178 4201 sensibus
1198 4140 1314 4224 acquisi-

730 4223 799 4290 tam,
813 4226 839 4274 et
851 4223 979 4289 operatua
992 4219 1074 4274 estin
1086 4219 1137 4285 ets,
1150 4232 1205 4288 par
1216 4229 1313 4274 exerce

729 4290 800 4365 tium
814 4288 961 4348 exterioris
976 4289 1080 4374 operis,
1094 4295 1121 4345 et
1137 4290 1263 4347 lacrmis
1277 4288 1312 4368 ast

729 4365 789 4422 eliu
809 4365 940 4438 putrique,
954 4378 1022 4438 quia
1040 4359 1144 4422 merita
1157 4377 1213 4421 sua
1227 4361 1313 4420 multi
