2820 4928
86 282 117 338 ⁴0
462 279 617 339 seculus
644 280 764 337 etums
792 277 893 335 utem
920 274 951 332 tl

86 392 139 451 lem
151 391 183 450 in
196 389 305 449 nomine
313 404 383 459 meo,
392 404 435 446 me
443 392 577 462 smeipit3
593 387 673 461 quin·
728 391 816 446 tantae
835 391 877 445 est
895 402 990 453 curae;
1006 381 1031 443 si
1057 398 1125 455 ergo
1152 380 1320 441 contemni-

85 468 127 532 to,
144 463 175 521 in
190 463 310 536 judicio,
329 461 397 533 quia
409 466 453 518 est
467 461 612 534 praecipua
623 461 673 518 ul·
728 461 775 531 tis,
793 458 893 531 Angeli
910 457 1082 516 nuntiabunt
1095 463 1124 514 et
1139 456 1227 512 Pater
1242 472 1320 512 meus

86 535 143 594 trix
168 533 325 608 opprobrii,
355 533 429 590 unde
461 551 468 589 :
498 534 551 601 Qui
580 538 674 590 autem
728 528 1318 598 ulcisceturdevobis.UndeHieronymus:

87 607 322 665 scandalizaverit
333 621 418 662 unum
430 605 464 660 de
473 605 587 686 pusillis
600 607 673 672 ictis,
731 626 746 658 «
781 606 884 675 Magna
916 601 1040 674 dignitas
1079 599 1259 669 animarum,
1291 607 1321 656 ut

88 679 201 751 expedit
219 680 256 747 ei,
274 681 329 734 etc.
344 693 352 744 ;
369 681 458 747 sexto,
478 692 507 732 in
526 677 580 733 hoc
595 674 675 732 exsi-
726 691 909 748 ,unaqueque
925 673 1075 731 habeatab
1095 677 1160 728 ortu
1178 671 1318 728 nativita-

88 751 140 818 lio,
152 748 220 822 quia
233 749 296 821 ejus
314 746 436 805 ministri
453 747 571 804 comites
584 755 613 804 et
628 746 677 804 ad·
730 747 766 805 tis
778 747 809 804 in
822 744 980 804 custodiam
996 744 1041 802 sui
1055 743 1196 815 Angelum
1207 742 1322 815 delega-

87 822 198 895 jutores
217 824 284 878 sunt
297 819 398 893 Angeli
421 817 509 889 beati,
528 819 605 876 unde
630 834 676 876 se·
729 819 809 877 tuml
826 839 840 871 v
856 817 901 876 Sic
926 817 1022 889 itaquo
1036 814 1136 888 angeli
1165 813 1322 872 existentes

90 892 188 965 quitur
210 909 217 950 z
245 891 342 950 Videte
355 907 389 947 ne
402 894 581 948 contemnatis
592 906 677 947 unum
731 890 807 948 circa
823 888 1013 947 ministerium
1028 895 1169 951 nostrum,
1187 885 1258 957 quia
1282 884 1322 942 ibi

90 980 126 1021 eae
137 965 181 1020 iris
195 964 344 1036 pusillis...
356 963 535 1035 quioAnpeli
546 978 637 1018 eorum
647 965 678 1017 in
732 966 800 1020 sunt
812 961 861 1018 ubi
881 966 1046 1035 operantur,
1066 958 1165 1033 vident
1180 959 1273 1014 Deum
1293 957 1324 1013 in

92 1037 166 1093 ecelis
178 1050 284 1106 semper
293 1035 388 1091 uident
399 1037 500 1103 sociem
508 1037 602 1091 Patris
612 1036 675 1091 mei.
732 1034 802 1091 eoelo
817 1033 889 1090 facie
906 1033 942 1090 ad
963 1031 1063 1089 taciem
1075 1049 1082 1100 ;
1095 1028 1233 1158 ‘quamvis
1247 1027 1323 1085 enim

128 1108 211 1164 econ
221 1123 348 1164 sonsum
356 1124 542 1164 compassum
550 1104 679 1164 aaaron?
733 1104 893 1173 mittantur,
926 1109 1051 1161 attamen
1076 1119 1103 1158 vi
1125 1105 1173 1160 ent
1197 1102 1325 1169 Patrem,

92 1177 679 1253 -Postquamergodocuilvitarescanda·
733 1176 800 1250 quia
816 1192 929 1248 semper
946 1178 1004 1233 Deo
1019 1174 1161 1232 inherent
1175 1189 1229 1244 per
1243 1188 1325 1244 aper

92 1251 171 1320 lum;
188 1251 489 1322 consequenterdocet
503 1249 594 1307 vitare
609 1266 679 1307 con·
733 1253 792 1305 tam
806 1246 955 1316 visionem,
971 1254 1000 1304 et
1025 1246 1093 1319 quia
1117 1243 1227 1316 ubique
1246 1246 1323 1300 Deus

92 1326 245 1396 temptum,
261 1321 310 1394 qui
329 1327 374 1381 est
392 1322 473 1394 quasi
489 1321 570 1379 radix
593 1320 681 1394 ipsius
734 1336 860 1393 praesens
884 1325 937 1388 est,
957 1318 1022 1376 ideo
1045 1322 1073 1375 et
1097 1317 1128 1373 in
1152 1323 1233 1372 terra
1257 1331 1325 1372 eum

94 1393 231 1454 scandali.
249 1394 470 1462 Quamvisenim
492 1409 544 1467 pro
563 1391 680 1449 vitando
735 1396 866 1450 cernunt.
884 1390 961 1448 Missi
986 1406 1054 1462 ergo
1079 1394 1147 1447 ante
1169 1386 1325 1444 Dominum

94 1467 231 1523 scandalo
239 1465 377 1522 Dominus
388 1481 488 1523 omnes
499 1463 629 1521 carnales
639 1462 681 1520 al·
735 1473 814 1532 sunt,
831 1462 897 1536 quia
911 1478 1092 1534 quocumque
1107 1459 1236 1529 veniunt,
1250 1458 1328 1515 intra

93 1536 681 1608 iectuspraeceperitrespuere,nontamen
734 1534 838 1606 ipsum,
854 1533 902 1606 qui
931 1533 1038 1617 ubique
1053 1537 1106 1602 est,
1135 1534 1274 1599 currunt;
1299 1535 1328 1587 et

95 1622 299 1679 usquequaque
313 1611 344 1664 ut
355 1606 545 1680 despiciamus
557 1605 630 1675 illos,
646 1606 682 1662 de
736 1622 799 1664 cum
814 1606 851 1662 ad
866 1623 917 1662 nos
931 1612 1058 1674 veniunt,
1074 1603 1114 1661 sic
1127 1601 1254 1659 exterius
1266 1600 1326 1658 im-

95 1694 216 1751 quorum
231 1678 324 1736 saluto
336 1693 489 1805 possumus
502 1692 582 1751 spem
593 1678 682 1734 habe·
734 1678 816 1752 plent
843 1676 1044 1746 ministerium,
1069 1680 1101 1733 ut
1125 1681 1223 1731 tamen
1248 1689 1329 1731 nnm-

96 1765 139 1820 re,
155 1749 192 1807 de
220 1765 278 1821 qua
303 1748 417 1807 soliciti
442 1750 579 1807 debemus
600 1764 681 1820 esse;
737 1766 823 1833 quam
835 1748 955 1806 interius
969 1748 1063 1805 desint
1078 1762 1130 1819 per
1148 1746 1328 1817 contempla·

96 1819 173 1878 unde
187 1820 237 1877 dat
253 1819 406 1893 specialem
418 1837 598 1879 causamnon
613 1837 682 1878 con·
736 1826 844 1878 tionem
857 1838 864 1889 ;
881 1822 947 1877 licet
960 1820 1036 1878 enim
1057 1819 1206 1875 mittantur
1220 1815 1250 1873 in
1266 1815 1328 1872 mi-

97 1891 257 1975 temnendi·
272 1892 391 1965 pusillos
416 1897 444 1950 et
468 1892 614 1966 parvulos,
633 1892 683 1949 sed
736 1891 887 1950 nisterium
909 1908 961 1965 pro
982 1892 1074 1948 salute
1099 1888 1261 1957 hominum,
1283 1895 1326 1944 ta-

99 1963 270 2032 honorandi,
286 1969 315 2022 et
334 1965 454 2023 salutem
480 1981 580 2023 eorum
618 1981 683 2021 uae-
738 1980 874 2022 mennon
896 1964 1032 2021 recedunt
1053 1958 1329 2033 acontemplatione

97 2033 200 2105 rendi;
215 2035 282 2107 quia
304 2035 358 2110 ipsi
381 2042 448 2095 sunt
477 2038 537 2095 Deo
563 1981 684 2093 millum
738 2035 845 2104 divina,
860 2035 910 2092 sed
924 2038 1039 2092 adstant
1054 2037 1113 2092 Deo
1130 2049 1182 2105 ρετ
1197 2037 1330 2089 contem·

99 2106 170 2178 cari,
186 2109 263 2181 quod
283 2109 407 2167 ostendit
422 2126 455 2168 ex
470 2109 592 2167 duobus.
611 2106 685 2164 Dicit
739 2107 893 2237 [lationem
921 2106 1020 2180 Jugem
1048 2115 1077 2164 et
1097 2104 1277 2162 continuam.
1296 2105 1329 2159 Et

100 2194 179 2250 ergo:
198 2180 296 2237 Videte
309 2197 343 2237 ne
357 2184 536 2238 contemnatis
549 2195 635 2235 unum
649 2194 684 2234 aa
759 2194 811 2236 ene
830 2178 900 2235 dixit
935 2180 989 2247 Oai
998 2184 1038 2236 est
1052 2182 1083 2234 in
1097 2178 1182 2245 colis,
1203 2175 1273 2247 quia
1289 2173 1329 2230 li-

99 2251 145 2306 lia
156 2252 282 2321 pusillis.
307 2253 346 2308 Ac
372 2250 395 2307 si
417 2251 503 2316 dicat,
529 2250 685 2308 secundum
739 2256 785 2308 cet
803 2252 878 2307 Deus
894 2249 931 2307 sit
950 2250 1056 2322 ubique
1077 2265 1129 2333 per
1156 2247 1327 2315 essentiam,

100 2323 297 2404 Hieronymum
314 2337 322 2379 ι
337 2323 480 2390 Quantum
490 2322 521 2379 in
534 2320 615 2379 vobis
630 2325 684 2386 est,
739 2321 922 2396 praesentiam
934 2327 962 2379 et
976 2325 1250 2396 potentiam,tamen
1266 2333 1331 2390 spe·

100 2392 189 2449 nolite
203 2399 399 2462 contemnere3
416 2393 466 2450 sed
480 2398 545 2467 post
562 2398 686 2450 vestram
740 2393 849 2450 cialiter
876 2393 980 2450 dicitur
1010 2409 1073 2450 esse
1103 2391 1135 2448 in
1159 2390 1251 2459 coelis,
1279 2387 1329 2446 nbi

101 2464 223 2521 salutem
237 2463 323 2521 etiam
343 2463 458 2522 illorum
474 2464 593 2537 quaerite
607 2463 686 2521 sani·
740 2466 820 2522 adest
836 2465 930 2522 Beatis
945 2481 997 2538 per
1018 2468 1146 2535 apertam
1174 2462 1327 2534 visionem.

99 2540 199 2618 tatem:
214 2535 244 2594 Si
253 2541 349 2618 autem
358 2543 576 2617 perseverantes
584 2535 613 2592 in
623 2551 686 2609 pec·
740 2539 800 2595 Non
816 2553 884 2608 ergo
904 2537 1010 2595 debent
1023 2533 1180 2602 contemni,
1195 2533 1247 2591 sed
1268 2534 1327 2590 ho-

103 2611 175 2664 catis
190 2606 256 2662 illos
277 2607 415 2674 videritis,
434 2607 537 2666 melius
561 2611 605 2665 est
637 2623 687 2663 vos
741 2607 850 2678 novari,
870 2625 941 2681 quos
958 2610 1033 2666 Deus
1052 2607 1093 2664 sic
1113 2606 1247 2675 honorat,
1262 2604 1330 2676 quia

100 2678 194 2760 salvos
210 2678 285 2747 fleri,
297 2694 383 2760 quam
392 2678 487 2807 perire
500 2694 564 2735 cum
578 2677 684 2759 multis.
741 2685 919 2752 contemptus
929 2678 1050 2737 istorum
1060 2677 1189 2735 ascendit
1205 2678 1243 2734 ad
1259 2693 1328 2733 con·

99 2750 134 2807 Et
165 2749 382 2807 nmoostendit
419 2767 452 2807 oc
471 2767 506 2807 ex
524 2751 687 2807 honorabi-
741 2749 1327 2824 temptumDei,cujusimaginemhabent.

102 2765 309 2907 ligngelorum
321 2821 461 2891 custodia,
474 2822 572 2879 dicens
592 2839 607 2905 ι·
620 2824 686 2878 Dico
741 2825 773 2881 ln
794 2824 836 2880 eis
861 2838 973 2895 quoque
995 2821 1178 2895 contemptis,
1198 2826 1330 2877 contem·

100 2907 173 2975 eprm
187 2893 274 2976 optas,
287 2896 355 2978 quio
367 2895 471 2964 Appeli
484 2911 585 2959 eorum,
599 2894 629 2950 id
643 2899 688 2950 est
740 2902 846 2951 nuntur
857 2894 959 2968 Angeli
976 2910 1076 2952 eorum
1093 2892 1216 2951 ministri
1239 2896 1268 2948 et
1284 2908 1331 2948 cu·

42 2986 47 2995 ·
101 2970 299 3051 ets'assignatt
322 2965 456 3033 incaelis,
472 2966 687 3040 semperoident
740 2966 847 3023 stodes.
876 2997 905 3008 -
928 2965 1035 3023 Deinde
1057 2964 1239 3036 subjungitur
1274 2962 1331 3020 alia

99 3037 201 3119 (omem
219 3041 314 3094 Patris
335 3042 400 3107 mei,
424 3041 475 3111 qui
498 3043 528 3095 in
541 3040 621 3096 coelis
635 3041 685 3107 est,
740 3037 825 3107 ratio,
836 3043 948 3110 sumpta
960 3054 993 3094 ex
1003 3036 1199 3110 redemptione
1211 3034 1328 3093 Christi.

100 3106 131 3163 td
143 3113 186 3165 est
197 3109 306 3167 visione
315 3109 551 3168 manifestationis
559 3109 608 3167 Dei
641 3125 686 3166 er·
741 3109 820 3166 Unde
836 3111 1066 3180 chrysostomus:
1089 3132 1101 3158 α
1120 3110 1160 3165 Νο
1180 3107 1261 3164 dicas
1280 3105 1329 3163 ille

100 3177 244 3264 fruuntur.
258 3181 355 3237 Facies
369 3181 444 3263 epim
454 3180 516 3263 Dei,
532 3125 686 3262 secundum
741 3181 881 3250 taberest,
895 3181 942 3239 ille
956 3185 1058 3250 sartor,
1068 3180 1116 3237 ille
1134 3178 1277 3252 agricola;
1293 3179 1329 3235 ab

101 3248 302 3330 depositorem,
317 3252 509 3308 manifestauo
524 3252 585 3323 ejus
605 3251 687 3307 intel·
740 3252 857 3324 Angelis
871 3252 919 3325 qui
931 3253 972 3311 eis
985 3252 1139 3310 missisunt
1149 3250 1329 3307 venerabiles

101 3318 285 3404 lpgenda'est,
301 3321 412 3404 etideo
440 3327 563 3404 ppssunt
580 3337 686 3379 renun-
741 3329 819 3395 sunt,
836 3325 886 3381 sed
912 3329 1019 3408 quanto
1044 3324 1135 3395 magis
1163 3339 1197 3379 ex
1216 3323 1329 3379 ratione

101 3394 175 3473 liare
189 3406 308 3464 injurias
331 3392 426 3475 illatas
446 3409 488 3451 eis
503 3409 572 3465 quos
586 3396 687 3450 custo·
741 3395 945 3469 redemptionis
960 3395 1130 3453 Dominicael
1153 3416 1168 3445 ρ
1186 3394 1329 3462 Secundo,

102 3461 246 3545 diunt.·Et
264 3467 308 3520 est
332 3469 405 3521 ratio
431 3481 450 3522 a
470 3464 573 3537 majori
593 3481 601 3520 τ
621 3464 687 3537 quia
741 3482 774 3524 er
793 3484 809 3524 o
825 3467 922 3540 pusilli
944 3484 1002 3524 non
1020 3472 1090 3525 sunt
1114 3464 1330 3536 contemnendi,

139 3533 212 3618 rvuli
226 3550 290 3618 pon
304 3540 525 3594 contemnuntur
538 3552 556 3594 a
567 3537 686 3620 majori·
740 3484 792 3596 sei
803 3539 976 3609 honorandi,
985 3555 1057 3611 qnos
1074 3538 1115 3596 sic
1129 3540 1204 3595 Deus
1219 3537 1330 3606 dilexit,

121 3606 281 3691 us,scilicet
296 3609 355 3664 Deo
369 3609 454 3667 Patre
466 3608 574 3666 coelesti
589 3613 618 3667 et
631 3611 686 3666 An·
741 3611 817 3682 quod
831 3626 883 3683 pro
911 3610 963 3680 eis,
982 3611 1030 3683 qui
1046 3610 1076 3668 in
1100 3611 1191 3667 Adam
1218 3625 1331 3666 ommes

100 3677 173 3760 getis
193 3677 314 3762 loeat1s;⁸
332 3695 400 3761 ergo
414 3696 467 3739 nec
484 3680 684 3748 aminoribus,
739 3687 927 3755 peccaverant
954 3687 982 3739 et
1003 3681 1149 3757 perierant
1171 3680 1330 3751 salvandis,

102 3750 209 3807 scilicet
236 3751 402 3834 inominpbus
427 3751 550 3824 miseris,
580 3753 686 3810 debent
740 3753 817 3810 misit
832 3754 933 3811 Filium
949 3770 1033 3811 suum
1058 3754 1087 3811 in
1111 3752 1331 3811 similitudinem

101 3826 255 3904 contemni.
268 3823 308 3880 Ac
324 3838 348 3879 si
363 3822 440 3882 dicat
455 3839 462 3880 :
480 3826 537 3882 Vos
551 3824 616 3882 illos
628 3840 686 3881 non
739 3824 834 3883 carnis
848 3827 967 3899 peccati.
979 3826 1058 3883 Unde
1072 3825 1130 3883 ait:
1150 3828 1232 3883 Venit
1245 3828 1331 3894 enim,

100 3891 212 3951 debetis
238 3899 432 3962 contemnere,
457 3896 507 3954 sed
530 3897 684 3966 honorare,
739 3901 767 3954 et
781 3897 901 3955 deeoelo
917 3898 1064 3955 descendit
1088 3899 1176 3954 Filius
1199 3898 1330 3966 hominis,

101 3979 175 4037 quos
191 3966 266 4049 Deps
285 3966 375 4049 ,Pater
394 3967 517 4026 eoelestis
531 3970 572 4025 sic
593 3969 684 4025 hono·
740 3968 870 4027 Salvator
878 3969 1036 4040 hominum,
1052 3971 1164 4026 soloore
1176 3969 1250 4040 quod
1263 3985 1331 4041 per·

100 4041 190 4120 natet
216 4037 373 4120 dsgnvflcat,
396 4040 473 4112 quod
496 4039 532 4096 ad
558 4040 567 4096 i
588 4055 685 4096 sorum
738 4043 820 4110 ierat,
840 4041 948 4099 scilicet
963 4058 1054 4113 genus
1073 4043 1243 4109 humanum,
1268 4057 1328 4097 non

101 4113 292 4167 mmistenum
320 4114 350 4168 et
379 4111 539 4169 custodiam
563 4055 686 4183 Xngelos
736 4118 851 4171 mutum
867 4129 996 4186 magnos,
1013 4114 1064 4170 sed
1083 4112 1170 4170 etiam
1193 4111 1326 4183 pusillos.

102 4178 202 4237 beatos
216 4181 349 4314 dffiuteu
365 4199 422 4241 non
444 4189 488 4241 est
503 4183 580 4241 enim
599 4199 685 4256 sper·
738 4186 777 4242 Ac
805 4185 828 4243 si
849 4187 925 4243 dicat
950 4205 956 4243 :
985 4187 1041 4242 Vos
1056 4202 1114 4241 non
1129 4183 1240 4242 debetis
1261 4200 1330 4240 con·

102 4250 230 4311 nendum
284 4254 411 4327 homine,
421 4256 497 4331 qnod
507 4256 582 4331 apud
596 4257 685 4316 Deum
737 4261 865 4317 temnere
900 4265 929 4314 et
964 4256 1159 4330 perturbando
1194 4255 1328 4330 perdere,
