2820 4928
421 350 461 404 its
487 349 625 402 titudo
653 351 691 403 El
718 351 797 405 EJUS
825 350 995 403 corvillo.
1281 351 1323 403 iss

98 463 363 519 bononunmeontnt
375 461 410 518 do
420 461 601 534 pauperibus,
615 466 684 533 etc,
737 465 824 518 centes
840 479 846 518 :
863 461 940 528 Quod
954 460 992 515 od
1006 460 1141 515 bominem
1156 467 1323 532 peccatorem

98 532 198 590 innuit
217 532 435 591 abstractionem
453 531 589 605 primam,
609 533 686 590 scili·
737 535 901 589 divertisset.
918 531 966 588 isti
988 532 1143 603 peccabant
1162 533 1324 603 dupliciter,

99 612 147 662 cet
163 621 182 662 a
196 604 301 662 diuitiis
315 611 343 663 et
358 605 442 663 rebus
456 604 662 677 temporalibus
676 625 683 676 ;
737 605 843 661 scilicet
859 622 865 660 ε
882 604 949 660 salse
962 602 1117 675 judicando
1133 604 1169 660 do
1192 607 1321 674 Zachneo,

101 676 134 733 in
153 692 188 733 eo
207 683 300 733 autem
318 676 392 749 quod
411 677 544 734 Zachaeus
561 679 686 734 esceridit
737 677 875 749 quiajam
889 682 1167 748 peccatornonernt,
1184 676 1233 732 scil
1255 694 1320 734 iere

102 750 135 803 in
161 750 283 805 arborem
306 765 483 818 sycomorum,
507 748 685 821 significatur
736 746 1240 820 poenitens,etsimiliterdecliristo,
1255 749 1322 820 quia

100 819 255 877 abstractio
269 836 285 877 a
299 821 444 877 commodo
463 821 624 892 temporali,
639 821 683 879 rel
736 838 793 877 non
806 819 908 876 mirum
919 825 990 886 crat,
1003 818 1026 874 si
1039 818 1196 875 divertebat
1206 820 1242 875 ad
1255 836 1320 876 cum

99 890 285 949 delectatione
296 891 416 961 earnali;
431 908 596 964 sycomorus
606 895 683 949 enirn
736 908 821 963 quem
834 891 1039 964 justificaverat
1054 907 1061 959 3
1078 891 1213 948 cocenim
1228 891 1320 1019 qqoeni-

96 968 142 1018 est
154 962 226 1020 licus
238 963 325 1032 latua,
344 969 373 1021 et
389 963 485 1037 signat
499 964 622 1021 carnalis
633 964 681 1021 dc·
735 964 821 1020 tentis
832 971 873 1020 est
884 962 987 1020 Clirisli
1001 962 1226 1030 diversorium,u
1249 963 1256 1019 i
1272 966 1323 1021 Pa·

92 1032 255 1091 testationis
282 1034 475 1104 dulcedinem,
503 1052 567 1108 quse
604 1036 683 1093 latua
736 1037 804 1092 seha
828 1035 988 1092 manducat.
1013 1034 1250 1092 lrrationabililer
1274 1036 1319 1092 isti

90 1110 147 1176 est,
171 1121 256 1178 quam
283 1107 442 1164 ascendens
458 1122 510 1179 per
527 1107 601 1166 hanc
617 1110 681 1167 abs·
735 1107 819 1164 etiam
834 1107 1061 1173 murmurabant,
1071 1105 1137 1177 quia
1148 1108 1244 1164 nullus
1258 1115 1319 1178 pot-

89 1177 261 1234 trnctionem
281 1180 334 1235 sub
353 1178 474 1252 pedibus
495 1178 530 1236 de
552 1178 639 1250 rimit,
654 1184 682 1236 et
734 1184 777 1235 est
787 1178 996 1236 rationabiliter
1007 1180 1320 1261 murmurare,quando

88 1247 184 1305 calcat
200 1269 207 1316 ς
225 1249 256 1305 in
282 1250 338 1331 hoc
351 1256 450 1307 autem
470 1195 550 1322 quod)
564 1250 624 1324 ipss
645 1251 681 1308 ad
734 1251 860 1307 medicus
883 1249 1017 1321 dignatur
1036 1257 1175 1320 aegrotum
1194 1250 1320 1308 usitare.

88 1336 183 1377 uuam
200 1320 314 1377 Domini
343 1338 454 1393 rocem,
480 1325 618 1391 festinans
634 1323 680 1379 de·
732 1324 817 1381 Stitns
836 1327 928 1377 autem
955 1323 1093 1383 Zucbaeus.
1120 1322 1155 1377 ad
1183 1321 1317 1378 obedien·

87 1393 213 1461 scendet,
229 1398 255 1448 et
275 1396 384 1475 excepit
396 1395 476 1450 illurn
491 1395 623 1463 penderis,
639 1393 681 1451 in·
733 1394 800 1450 dum
817 1393 936 1450 Domino
948 1399 1106 1464 promptus,
1127 1393 1319 1450 nontitulians

87 1463 195 1521 nuitur
209 1465 363 1521 abstractio
378 1465 501 1537 propriae
516 1465 677 1523 voluntatis.
733 1471 849 1538 propter
874 1464 994 1522 aliorum
1014 1463 1269 1521 murmurationem
1292 1472 1321 1523 et

89 1536 127 1591 st
144 1536 207 1591 haec
227 1535 282 1592 tria
297 1552 328 1593 se
354 1535 476 1594 invicem
501 1538 653 1610 perficiunt
667 1556 675 1607 ;
732 1536 949 1602 detractionem,
961 1535 1034 1592 sicut
1047 1536 1128 1592 multi
1144 1535 1191 1608 qui
1207 1537 1243 1593 nd
1258 1554 1320 1593 mo·

90 1605 133 1663 ita
148 1607 356 1679 quodalterum
367 1610 427 1666 sine
442 1607 504 1665 aliis
518 1610 677 1682 perlectum
732 1609 826 1665 dicum
840 1610 958 1665 verbnm
972 1607 1093 1664 aliorum
1110 1610 1215 1665 bonum
1231 1609 1317 1666 dese-

88 1684 219 1735 nonest.
236 1678 265 1736 Si
280 1678 357 1735 enim
374 1679 438 1751 quis
460 1680 496 1736 sit
516 1682 679 1739 abstractus
731 1686 798 1737 rum
806 1683 867 1753 jam
882 1680 1058 1746 inchoatum,
1078 1680 1153 1736 dicit
1170 1682 1208 1735 nd
1222 1685 1317 1737 Domi·

89 1763 108 1806 a
133 1750 325 1808 sollicitudine
350 1752 560 1824 temporalium,
589 1760 618 1810 et
642 1754 678 1810 sit
731 1770 795 1808 errem
814 1772 822 1808 :
840 1756 908 1808 Ecce
932 1753 1080 1807 dimidium
1099 1754 1227 1808 bonorum
1243 1771 1315 1810 meo·

90 1821 205 1878 deditus
219 1821 356 1894 voluptati
372 1823 475 1893 carnis,
492 1823 562 1880 nihil
582 1825 676 1896 valet3
730 1841 802 1889 rum,
812 1827 934 1889 Domine,
943 1824 987 1879 do
1005 1824 1164 1894 dispertitus:
1173 1828 1236 1891 etsi
1248 1827 1318 1896 quid

89 1893 180 1951 etsie
198 1893 327 1966 intelligo
346 1895 381 1951 de
400 1894 464 1951 aliis
479 1912 531 1952 suo
544 1897 640 1953 modo.
730 1898 853 1966 aliquem
870 1897 972 1963 desrnu
993 1899 1050 1957 uei,
1075 1897 1159 1951 reddo
1189 1898 1314 1967 quadru-

129 1970 144 2020 5
159 1967 325 2022 Bexicxirxs
346 1968 446 2023 Domni
460 1984 532 2023 enos
545 1970 678 2025 Zacnscii
730 1969 816 2038 plum,
826 1963 1104 2022 scilieeldedimidio
1114 1966 1226 2024 residuo
1238 1970 1312 2049 quod

91 2053 127 2093 er
141 2039 341 2094 Parmenonem
362 2056 483 2096 suarius.
500 2070 534 2081 -
548 2042 678 2108 Etsestt-
730 2038 823 2095 adhuc
848 2036 968 2094 retineo.
993 2037 1048 2092 Lex
1071 2036 1147 2092 enim
1169 2038 1197 2093 in
1218 2039 1318 2110 aliqui·

87 2124 162 2165 nans
176 2110 326 2178 descendit,
341 2115 367 2165 et
382 2114 489 2182 encepit
513 2112 593 2166 illum
606 2128 676 2181 pou·
730 2110 784 2166 bus
794 2109 928 2182 praecepit
939 2107 1225 2179 restituereduplum,
1235 2110 1320 2166 inali-

90 2180 172 2248 dens,
195 2185 224 2238 el
236 2181 381 2238 exsultans
408 2182 444 2239 de
471 2182 542 2239 tanti
557 2183 676 2255 hospitis
730 2182 833 2254 quibus
865 2180 1045 2251 uadruplum,
1057 2178 1085 2236 in
1097 2179 1240 2252 aliquibus
1252 2197 1318 2240 xero

86 2251 221 2309 adventu.
243 2255 307 2310 lam
327 2251 414 2323 enim,
434 2253 500 2325 quia
523 2253 675 2312 Dominum
729 2197 909 2325 quintuplum
926 2270 933 2320 3
954 2257 982 2308 ct
1001 2250 1076 2321 ideo,
1096 2269 1147 2323 per
1165 2254 1218 2309 hoe
1240 2256 1316 2326 quod

88 2322 120 2379 in
134 2339 186 2379 cor
198 2339 282 2381 suum
308 2331 472 2397 susceperat
490 2327 635 2395 Zachaeus,
647 2326 676 2383 in
728 2325 773 2381 hic
789 2323 931 2382 restitutio
947 2323 1041 2381 media
1056 2324 1235 2396 exprimitur,
1250 2326 1313 2385 aliae

86 2394 176 2451 domo
193 2396 256 2468 ejus
275 2394 465 2467 dignatusest
483 2397 587 2470 suscipi
619 2400 674 2455 Do·
728 2397 792 2454 duee
811 2402 944 2453 extremm
974 2396 1181 2468 intelliguntur.
1203 2400 1241 2455 lix
1262 2401 1314 2456 hoc

85 2464 193 2523 minus.
209 2471 310 2540 inquo
333 2468 407 2524 laeto
422 2468 558 2526 Dominus
572 2470 673 2541 innuit,
727 2475 822 2526 autem
838 2467 914 2539 quod
924 2467 1073 2525 dimidium
1090 2470 1231 2526 bonorum
1251 2489 1313 2528 suo·

108 2537 167 2595 uod
195 2538 270 2596 rotis
296 2541 438 2596 minorum
453 2541 565 2610 anuuit,
591 2546 618 2597 et
636 2542 675 2597 al·
728 2557 790 2597 rum
814 2539 893 2596 dedit
923 2539 1107 2610 pauperibus,
1133 2545 1211 2610 patet
1237 2545 1313 2613 qnod

84 2554 179 2667 arctus
195 2609 261 2692 pios
289 2613 472 2693 prosequitur
497 2617 524 2667 et
553 2612 672 2684 perlicit.
728 2629 785 2669 non
800 2611 897 2668 omnia
911 2611 987 2666 bona
1006 2627 1059 2666 sua
1078 2619 1160 2667 erant
1177 2613 1250 2668 male
1268 2630 1316 2669 ac·

84 2680 160 2739 Vide
174 2682 221 2738 hic
231 2681 438 2753 benignitatem
463 2683 591 2753 Domini;
613 2684 674 2755 plus
728 2683 843 2755 quisita,
863 2681 930 2753 quia
951 2682 986 2738 de
1006 2681 1062 2738 illis
1084 2699 1142 2738 non
1167 2690 1262 2754 posset
1280 2685 1316 2740 fi-

84 2751 165 2811 enim
179 2753 259 2810 dedit
283 2755 400 2810 Zachaeo
429 2770 513 2825 quam
533 2755 581 2812 ille
599 2756 674 2813 desi·
728 2755 769 2811 eri
781 2756 971 2826 eleemosyna.
988 2753 1063 2808 Sicut
1078 2756 1317 2812 aulemZactueus

85 2825 228 2893 derasset,
243 2824 312 2899 quia
321 2825 400 2882 dedit
414 2825 440 2882 ei
448 2826 583 2899 seipsum,
599 2828 675 2898 quod
728 2827 796 2882 dixit
811 2843 818 2880 :
834 2830 872 2881 Do
880 2825 1067 2895 pauperatum
1079 2832 1141 2881 et...
1154 2827 1239 2880 reddo
1250 2845 1317 2896 quo-

88 2894 139 2952 ille
157 2902 255 2968 petere
274 2913 358 2954 ausus
382 2914 439 2954 non
468 2899 576 2956 luisset.
605 2899 675 2955 Vide
729 2898 874 2967 drnptum3
896 2895 936 2949 sic
954 2894 1059 2949 debent
1079 2896 1172 2951 lacere
1192 2895 1318 2954 volentes

90 2967 179 3024 stiam
193 2969 325 3026 virtutem
345 2970 492 3039 orationis,
519 2970 585 3043 quia
600 2971 675 3027 desi·
729 2968 798 3024 dare
816 2966 1035 3045 eleemosynam,
1048 2966 1092 3019 rel
1107 2965 1227 3021 reddere
1242 2970 1317 3025 male

92 3036 205 3096 derium
218 3056 322 3112 magna
348 3058 400 3097 vox
414 3047 443 3098 et
465 3058 570 3113 magna
584 3041 676 3098 oratio
730 3036 881 3109 acquisita,
899 3037 1045 3090 dieentes:
1073 3037 1126 3103 Do,
1143 3038 1185 3092 rel
1208 3038 1317 3110 reddo;

93 3116 158 3177 est;
175 3116 203 3167 et
215 3110 278 3170 ideo
298 3112 366 3169 dicit
379 3114 539 3185 propheta:
558 3114 676 3168 Decide·
731 3127 789 3167 non
805 3109 890 3174 dabo,
906 3105 950 3161 iel
968 3106 1096 3174 reddam,
1117 3123 1167 3164 seu
1188 3106 1218 3164 in
1234 3114 1318 3168 testa-

93 3183 169 3237 rt'nm
194 3199 346 3255 pauperum
362 3186 508 3240 excudivit
533 3187 674 3240 Dominus.
731 3186 1027 3250 inentomeoponam.
1042 3179 1319 3240 UbiaitDedn:«llt

90 3252 130 3310 tu
142 3250 209 3310 alibi
228 3255 367 3313 Dominus
394 3256 429 3312 ad
453 3258 568 3330 bloysen
583 3275 589 3314 :
604 3257 677 3323 Quid
729 3255 791 3310 haec
807 3257 850 3309 est
871 3252 985 3323 sapiens
1009 3250 1059 3307 illa
1083 3251 1206 3309 stultitia
1231 3270 1317 3327 quam

88 3325 197 3382 etentes
212 3327 250 3382 od
264 3325 332 3385 me?
348 3344 411 3385 cum
427 3327 474 3384 ille
494 3344 543 3385 ore
558 3333 675 3398 taceret,
731 3326 766 3383 de
794 3339 940 3397 sycomoro
960 3323 1128 3396 publicanus
1154 3325 1237 3398 quasi
1260 3328 1318 3386 lru-
1374 3328 1377 3333 '

87 3399 336 3456 etiamtumeorde
350 3399 525 3472 loqueretur.
540 3400 620 3457 Unde
635 3399 676 3456 ait
731 3404 807 3455 ctum
833 3395 899 3452 xitae
926 3394 1035 3467 legerat
1053 3405 1160 3470 :rapta
1186 3398 1318 3458 videlicet

86 3469 283 3550 Auptustinus:
301 3473 400 3528 «Tota
417 3469 476 3528 vita
498 3471 565 3528 boni
594 3471 676 3529 Chri·
730 3471 861 3537 reddere,
876 3469 992 3540 propria
1004 3467 1177 3542 relinquere,
1192 3471 1317 3531 visibilia

86 3541 161 3597 tiam
176 3548 309 3599 sanetum
324 3541 498 3600 desiderium
518 3550 578 3613 est;
600 3544 677 3616 quod
731 3548 923 3609 contemnere,
946 3556 997 3613 pro
1021 3540 1209 3602 invisibilibus
1230 3549 1317 3603 etiam

32 3636 36 3643 ·
87 3615 187 3693 autem
201 3610 360 3683 desideras,
374 3614 502 3671 nondum
516 3615 609 3684 videm
626 3616 676 3673 sed
731 3614 803 3672 mori
823 3610 997 3681 desiderare,
1017 3613 1143 3683 seipsum
1160 3618 1315 3689 abnegare,

86 3680 283 3743 desiderando
296 3700 389 3758 capax
404 3685 549 3755 efficieris,
567 3693 597 3744 ut
610 3704 675 3744 eum
731 3693 759 3743 et
767 3688 830 3757 ejus
846 3685 894 3755 qui
905 3684 1027 3741 necdum
1039 3686 1188 3746 videbatur
1202 3688 1317 3745 Domini

85 3754 199 3811 venerit
212 3754 290 3829 quod
303 3755 412 3826 videas,
433 3756 471 3813 im
492 3758 598 3815 learis:
615 3760 676 3816 haec
730 3756 851 3829 vestigia
881 3754 1227 3831 equinarumque»
1258 3762 1320 3815 iitee

87 3830 136 3882 est
150 3825 330 3897 sinuosus,
348 3833 379 3886 ut
398 3830 457 3885 desi
480 3830 585 3886 erando
600 3848 678 3888 exer·
730 3830 814 3886 Beda.
843 3824 981 3899 Conspiee
1011 3825 1098 3900 igitur
1120 3831 1271 3888 Dominum
1291 3834 1320 3884 et

87 3901 354 3957 sermocinatum
374 3907 469 3957 autem
492 3918 545 3958 nos
567 3908 677 3960 exercet
731 3898 887 3973 discipulos
901 3896 1037 3956 cumillis
1054 3900 1250 3972 peccatoribus
1265 3914 1318 3953 co-

89 3974 224 4026 sanctum
239 3971 423 4041 desiderium,
447 3979 584 4045 quantum
601 3975 676 4032 desi·
731 3974 888 4036 medentes,
898 3984 931 4025 ae
940 3968 1318 4027 familiariteretdomestiee

89 4039 522 4116 derianostraamputaverimus
534 4048 569 4103 ab
580 4063 677 4104 amore
732 4046 944 4110 conversantes,
964 4050 996 4096 nt
1014 4057 1071 4120 eos·
1086 4040 1121 4094 nd
1136 4056 1166 4119 se
1187 4041 1318 4095 attrahe-

90 4112 195 4169 seculi:
214 4134 228 4166 r
244 4114 305 4172 haec
317 4118 500 4185 Auentinus.
515 4121 551 4174 Et
564 4136 624 4175 cum
637 4122 678 4172 ei·
732 4124 805 4185 rent,
825 4122 853 4172 et
873 4114 908 4169 de
931 4111 1128 4184 peccatoribus
1146 4110 1208 4166 illos
1223 4111 1318 4181 J'ustos

91 4184 188 4240 iterent
200 4201 301 4256 onxnes,
311 4188 418 4245 seilicet
435 4189 571 4246 Pharisaei
587 4195 616 4245 et
629 4188 678 4244 alii
733 4189 868 4246 lacerent.

89 4255 281 4330 malignantes
298 4259 399 4330 tudaei,
422 4261 496 4332 quod
524 4261 680 4317 intraverat
768 4266 785 4316 6
813 4261 907 4327 Quane
940 4258 1064 4311 Doxixes
1092 4269 1126 4307 xo
1155 4271 1245 4310 coxon
1276 4272 1320 4313 ivu-

91 4326 374 4405 domumpublicani,
393 4333 612 4401 mnnnurabont,
635 4331 678 4385 ‹rt-
734 4347 904 4388 xucaxonuu
925 4324 1115 4386 onsnrenir'?
1138 4355 1169 4370 -
1187 4327 1230 4394 El,
1253 4326 1320 4401 quia
