2820 4928
84 358 128 411 m
433 346 588 403 studius
615 347 737 404 itum
761 348 866 403 carui
894 350 985 405 xxvi

85 463 142 521 inal
161 460 253 546 sedit3
269 456 338 541 qnia
352 470 413 538 non
424 454 455 537 in
483 454 614 537 superbis
640 460 669 538 et
692 478 695 547 Ι
723 454 1303 539 deinputrefactojamloenosimillimum,
1344 448 1346 525 ff

84 550 204 607 asperis,
218 530 268 588 sed
283 545 312 585 in
337 527 490 585 humilibus
505 531 534 583 et
564 530 668 598 quietis
693 573 695 579 .
723 527 803 585 illum
814 544 881 585 iero
895 527 994 585 arbori
1005 527 1203 587 admirabiles
1214 532 1305 589 tmolus

86 612 197 664 tantuin
223 599 385 673 requiescit,
416 614 474 655 non
499 614 586 655 curru
623 598 667 655 rel
693 630 695 653 i

86 679 167 749 equis
181 680 276 742 utens,
294 688 352 729 non
372 670 522 727 scutiferos
546 669 668 727 circum·

86 749 201 817 ducens,
231 746 282 802 sed
301 758 435 814 magnam
465 740 615 799 utilitatem
640 747 669 799 et

85 813 582 877 mansuetudinemhineostendens.
595 815 668 885 Ergo

87 891 173 948 eliani
186 890 218 946 in
240 886 429 945 exterioribus
443 901 561 942 necesse
584 890 626 941 est
639 889 670 942 ut

88 962 239 1021 utilitatem
255 959 428 1033 pretendas,
439 956 462 1014 si
473 956 668 1015 Cliristumse-

86 1034 133 1107 qui
144 1033 291 1091 desideras
305 1032 335 1087 in
350 1028 564 1101 equitaturam
579 1034 668 1097 reste,

723 598 836 669 terenti,
856 599 1073 671 maximamque
1091 602 1234 673 praebenti
1254 618 1305 660 rei·

724 670 859 729 uentibus
879 672 1061 743 voluptatem
1080 688 1089 729 t
1107 694 1122 722 ii
1143 674 1208 730 liiec
1236 676 1305 747 Chri·

723 748 867 799 sostomus.
890 743 1026 815 conspice
1059 760 1143 801 nune
1174 746 1257 817 bene,
1284 754 1306 805 et

723 815 874 872 considers
889 816 1032 887 quomodo
1064 816 1211 874 Dominus
1225 820 1306 877 mnndi

723 886 882 944 incedebat.
895 888 1029 954 Quamvis
1038 888 1121 945 enim
1127 888 1306 961 justissimum

723 959 796 1015 toret
810 973 876 1015 eum
892 959 1042 1027 honorari,
1070 961 1198 1017 lionoris
1226 970 1307 1019 tamen

723 1034 851 1102 tempore
868 1030 970 1087 talibus
978 1030 1139 1088 dextrariis
1153 1038 1186 1089 et
1198 1033 1309 1105 phaleiis

86 1106 117 1163 in
127 1106 201 1175 cibo,
216 1104 245 1161 in
266 1102 420 1171 domicilio,
436 1107 465 1159 et
480 1101 509 1157 iii
524 1099 602 1157 omni
619 1116 669 1171 sp·
724 1118 794 1158 usus
807 1106 860 1173 est,
876 1108 904 1158 et
918 1101 947 1158 in
961 1103 1015 1159 hoc
1030 1119 1087 1160 suo
1104 1104 1221 1163 bonore
1234 1108 1310 1164 lione

86 1186 199 1252 paratu.
215 1176 267 1234 Ubi
279 1175 320 1233 ait
330 1178 554 1245 chrysostomus:
568 1194 583 1225 «
598 1173 670 1241 Quia
723 1174 843 1230 rabilem
861 1188 996 1246 pompam
1012 1174 1118 1232 mnndi
1143 1192 1206 1235 non
1233 1177 1309 1234 modi·

87 1248 271 1321 contingebat
281 1247 419 1319 quosdam
435 1243 670 1302 infirmioreseii·
723 1261 788 1302 cum
806 1245 986 1318 vituperavit.
1015 1248 1083 1305 Non
1111 1248 1234 1306 luerunt
1260 1250 1309 1306 liae

85 1328 193 1380 etentes
222 1318 363 1392 subjugali
386 1333 457 1387 opus
479 1318 596 1385 habere,
624 1317 670 1373 liic
724 1316 973 1374 aiilmeliaornata
988 1318 1081 1376 lienis
1094 1324 1127 1376 et
1146 1321 1227 1378 sellis
1240 1320 1310 1379 dean

84 1408 249 1451 mensuram
278 1389 360 1448 nobis
389 1388 535 1460 sapientiai
563 1387 668 1460 posuit,
724 1388 804 1458 ratis,
817 1394 846 1445 et
858 1389 986 1463 phaleris
999 1389 1150 1460 sericatis,
1163 1393 1308 1450 morestul·

85 1471 250 1523 monstrans
264 1463 340 1534 qnod
356 1476 442 1533 snper
455 1474 545 1541 equos
559 1465 587 1517 et
607 1475 669 1516 mn·
722 1461 794 1517 titiae
808 1459 960 1519 mundialis
972 1478 979 1529 ;
995 1462 1048 1518 sed
1064 1463 1246 1545 quibusdam
1259 1464 1308 1523 iili·

85 1537 139 1605 los,
159 1544 211 1593 aut
236 1535 289 1591 lios
310 1533 425 1614 junctos
450 1532 519 1613 terri
548 1547 669 1613 'necesse
723 1533 778 1590 bus
792 1533 894 1605 pannis
912 1538 940 1590 et
963 1533 1112 1601 tuniculis,
1130 1552 1202 1593 cuin
1229 1544 1309 1594 lamen

87 1624 145 1665 non
160 1611 220 1674 est;
233 1604 283 1661 sed
297 1604 403 1659 suitleit
419 1618 499 1658 esino
513 1607 566 1670 uti,
582 1610 612 1659 et
624 1602 669 1658 nl·
724 1610 799 1661 esset
815 1607 872 1662 liei
886 1621 917 1661 re
940 1622 997 1675 um,
1017 1612 1047 1662 et
1063 1606 1213 1665 Dominus
1230 1608 1310 1666 donii-

88 1683 132 1735 tra
145 1694 204 1735 non
216 1675 380 1748 procedere,
394 1680 423 1730 et
432 1673 580 1744 ubiqueeo
593 1674 669 1746 quod
724 1676 864 1734 nantium.
877 1680 908 1733 ln
919 1621 976 1733 boc
991 1692 1063 1750 ergo
1076 1679 1157 1736 laceto
1182 1680 1250 1738 utile
1263 1682 1310 1737 bu-

84 1747 262 1806 necessitatis
281 1752 325 1803 est
341 1749 504 1801 contentum
531 1760 603 1802 esse.
622 1748 668 1801 ln·
725 1747 853 1805 militatis
868 1750 1027 1831 exemplum
1042 1752 1192 1809 Dominus
1206 1753 1264 1809 suis
1276 1768 1311 1809 ie

85 1823 308 1903 terrogasutem
331 1816 458 1899 ludaeos,
473 1818 537 1900 quis
553 1832 600 1873 rei
619 1832 668 1873 su·
724 1820 823 1892 liquit3
842 1821 891 1877 sed
904 1820 1308 1949 llliisifferbiaefflrolidolorl

86 1909 138 2023 per
164 1907 276 1950 asinam
291 1891 402 1947 delatus
423 1893 537 1945 intravit
552 1891 667 1946 leroso-

724 1907 825 1964 parum
838 1893 892 1948 lioe
909 1897 988 1949 alten
1011 1900 1074 1950 unt.
1099 1894 1188 1951 Unde
1207 1895 1309 1968 legitur,

724 1963 800 2035 qnod
815 1980 879 2021 cum
891 1964 1038 2021 Heraclius
1053 1966 1310 2025 christianissimus

86 2036 156 2095 bent
166 2036 262 2095 dicere
276 2051 360 2109 quam
375 2036 450 2091 hunc
460 2034 551 2090 solum
563 2051 570 2089 :
581 2056 595 2084 n
608 2034 668 2089 haec
726 2038 1076 2104 liiiperator,reiertensa
1085 2039 1172 2095 crede
1183 2040 1310 2098 Chosroei

87 2110 302 2180 Ghipsustomus.
321 2107 399 2164 Unde
415 2108 549 2162 Dominus
564 2122 620 2161 non
633 2105 670 2161 le·
726 2108 800 2177 regis
811 2109 973 2176 Persarum,
983 2123 1033 2179 per
1042 2114 1308 2235 portamperquaii

87 2182 163 2252 gitur
173 2180 240 2237 alibi
253 2177 458 2251 equitasse,iel
467 2192 552 2247 super
561 2177 668 2233 mulum
724 2179 853 2235 Christus
876 2177 906 2234 in
925 2178 970 2235 die
999 2181 1040 2236 Pa
1054 2197 1174 2240 inarum
1193 2181 1305 2250 intrarit,

86 2252 249 2308 escendisse
267 2267 274 2317 ;
290 2249 341 2305 sed
370 2248 454 2303 niodo
481 2252 589 2303 tantum
605 2247 668 2303 asi·
723 2249 752 2306 iii
768 2266 840 2322 equo
852 2248 930 2323 regio
945 2255 974 2307 et
985 2253 1171 2309 ornamentis
1184 2252 1304 2327 imperis·

86 2338 183 2389 nasse,
209 2327 238 2376 et
257 2325 353 2375 tamen
369 2320 470 2399 eadem
489 2318 669 2375 hebdomada
724 2322 956 2378 liliusdecoratus
964 2321 1076 2393 ingredi
1089 2324 1191 2394 vellet,
1201 2330 1304 2399 repenle

87 2393 192 2465 legitur
206 2398 298 2447 morte
313 2395 478 2460 turpissima
494 2390 666 2446 condemna·
723 2392 832 2464 lapides
850 2399 940 2465 portas
955 2393 1183 2467 descenderunt,
1200 2402 1229 2454 el
1244 2394 1304 2453 inri-

85 2468 131 2521 tus
144 2462 241 2519 luisse.
256 2460 330 2530 Quid
356 2461 455 2517 tietdo
483 2461 579 2517 mullis
593 2477 667 2533 prae·
723 2481 795 2533 cem,
815 2464 894 2536 qnasi
914 2481 988 2521 unus
1007 2466 1103 2537 paries
1123 2484 1191 2526 sese
1209 2469 1303 2525 claues·

85 2534 160 2603 latis,
176 2533 224 2607 qui
244 2550 307 2592 cum
322 2548 461 2605 equorum
488 2533 668 2591 multitudino
723 2543 805 2603 runt;
821 2552 905 2607 super
918 2552 984 2619 quo,
997 2540 1109 2595 cunctis
1123 2540 1306 2613 stupentibus,

86 2607 227 2680 equitant,
243 2612 272 2664 et
284 2607 337 2662 hoe
352 2605 387 2662 de
413 2604 584 2677 patrimonio
598 2607 666 2663 Cru·
724 2608 848 2679 Angelus
859 2610 969 2664 Domini
985 2611 1099 2682 signnm
1114 2610 1305 2669 crucisinnia·

85 2680 159 2739 ellliii
176 2685 204 2737 et
222 2679 258 2736 de
275 2675 359 2736 bonis
375 2676 596 2760 ecelesiasticis?
611 2680 668 2734 lloe
723 2680 806 2736 niliiis
820 2685 919 2736 lenens
932 2696 1019 2752 super
1033 2689 1153 2754 portam
1172 2698 1190 2741 a
1210 2681 1303 2757 pamit,

88 2753 165 2811 enim
185 2758 228 2809 est
253 2756 353 2808 contra
379 2750 482 2807 Christi
508 2749 668 2822 eieiiiplum
724 2752 839 2807 dicens:
856 2753 925 2809 Cum
946 2754 1003 2808 lleii
1022 2752 1168 2811 coelornm
1186 2700 1303 2814 garisim

86 2824 134 2882 liic
151 2824 193 2882 eis
209 2828 357 2881 ostensum
374 2838 381 2889 ;
399 2820 479 2891 item,
499 2826 543 2879 est
569 2826 669 2878 contra

86 2897 157 2955 illnd
173 2893 385 2953 Deuteronomli
402 2911 409 2951 ι
425 2895 491 2951 Cum
511 2896 598 2962 fuerit
617 2909 668 2949 rea

87 2973 263 3040 constitutus,
297 2984 352 3024 aon
378 2966 577 3039 multiplicabit
614 2966 670 3021 sihi

98 1963 288 2040 ymsm‘l·Sed
312 1979 369 2020 non
389 1960 488 2034 utique
501 1960 590 2018 alium
617 1962 668 2017 ba-

725 2838 776 2895 per
790 2823 863 2879 hane
882 2829 995 2895 portam
1013 2825 1049 2881 ad
1079 2827 1250 2885 Passionem
1267 2824 1304 2882 iii-

725 2900 824 2963 traret,
843 2911 900 2951 noii
917 2897 997 2952 cultu
1013 2895 1107 2969 regio,
1135 2899 1187 2956 sed
1215 2896 1303 2955 humili

724 2967 813 3023 asello
829 2965 1006 3039 ingrediens,
1030 2969 1206 3027 humilitatis
1224 2982 1304 3028 exem-

89 3058 181 3115 equos.
198 3041 226 3100 Si
243 3056 300 3097 non
315 3039 380 3095 lieet
395 3038 465 3109 regi,
486 3043 592 3109 quante
618 3036 669 3093 mi·

88 3130 144 3172 iius
156 3111 286 3170 Pontillei
301 3110 313 3169 l
329 3111 358 3167 Si
380 3128 437 3167 non
455 3110 539 3179 laico,
562 3115 667 3237 ausula

88 3185 184 3241 mimis
198 3182 328 3241 clerieo?
346 3182 374 3239 Si
390 3198 448 3238 non
462 3182 497 3239 de
511 3181 561 3239 red
585 3180 669 3238 itibus

87 3255 194 3329 proprii
209 3253 384 3327 patrimonii,
401 3260 508 3335 quanto
524 3252 619 3311 minue
633 3253 669 3309 de

86 3325 259 3400 patrimonio
288 3323 446 3383 crucifixi?
469 3325 524 3381 Sed
547 3341 605 3381 non
622 3340 668 3381 su-

108 3397 219 3455 erbiant
233 3395 280 3467 qui
304 3395 384 3466 equis
408 3394 453 3452 vel
476 3395 606 3452 curribus
624 3413 669 3453 re·

86 3413 205 3536 fiuntur,
221 3466 289 3540 qnia
302 3472 331 3522 et
349 3466 435 3537 ligna,
458 3472 487 3523 el
505 3467 624 3537 lapides,
641 3475 670 3523 et

89 3540 153 3598 aliae
165 3554 212 3595 res
226 3538 297 3593 viles
313 3537 479 3610 plerumque
501 3537 541 3593 sie
562 3537 669 3594 ducun-

90 3617 145 3669 tur.
158 3609 320 3667 Undeidem
334 3611 557 3679 chrysostomus:
570 3628 584 3662 u
597 3609 670 3677 Quid

89 3683 141 3741 tibi
149 3697 279 3755 arrogas,
293 3686 321 3738 et
329 3696 433 3754 magna
441 3684 527 3755 sapis,
541 3698 558 3738 o
572 3681 669 3752 homo,

92 3754 227 3831 quoniam
251 3754 377 3811 excelsus
391 3770 476 3829 super
494 3769 600 3827 equum
626 3770 671 3811 ie·

89 3828 177 3899 heris,
192 3831 242 3885 aut
257 3830 286 3882 te
304 3829 421 3884 trabunt
440 3828 581 3884 mularum
601 3844 670 3899 qua·

88 3902 200 3974 drigse‘l
215 3902 248 3956 Et
267 3900 350 3970 quale
365 3898 439 3956 istud
456 3900 526 3956 est‘l
551 3902 620 3957 Nam
644 3903 672 3957 et

88 3990 155 4031 saia
169 3972 210 4031 ita
223 3973 391 4044 plerumque
407 3975 434 4028 el
462 3971 539 4043 ligna
560 3977 672 4042 gestan-

90 4051 145 4103 tur.
162 4044 295 4119 Speciosa
311 4048 387 4102 reste
410 4042 604 4105 circumdaris,
621 4044 671 4100 sed

89 4117 198 4191 respice
214 4133 265 4189 pro
287 4119 365 4176 cultu
383 4115 514 4181 vestium,
537 4114 672 4172 ririutiim

89 4189 195 4247 clecore
210 4190 366 4263 lnlgentem
379 4206 386 4259 ;
401 4194 430 4247 et
446 4186 554 4245 ridebis
571 4193 599 4244 te
613 4186 674 4260 qni·

726 3039 804 3110 plum
818 3038 877 3120 suis
898 3039 1055 3097 cultoribus
1081 3040 1304 3115 dereliquit.'llie

726 3126 792 3167 iero
807 3110 900 3177 dictis,
918 3114 963 3168 An
984 3111 1044 3168 olus
1062 3112 1178 3170 Domini
1202 3116 1304 3172 absces-

724 3182 777 3264 sit,
793 3187 861 3238 tune
877 3127 1022 3240 Heracfius
1036 3186 1201 3254 imperator
1223 3185 1304 3257 lacry-

725 3270 777 3310 mis
787 3254 928 3326 perlusus,
939 3254 1127 3313 discalceatus
1137 3252 1304 3330 etusquesd

725 3326 870 3407 camisiam
892 3325 1038 3398 spoliatus,
1063 3343 1181 3386 crucem
1203 3323 1303 3387 Domini

724 3400 876 3467 accipiens,
892 3413 982 3469 usque
995 3398 1031 3455 ad
1043 3406 1158 3471 portam
1171 3400 1303 3458 linmililer

725 3469 869 3539 bajulavit.
882 3470 1001 3542 hloiique
1012 3470 1122 3541 laptiles
1135 3473 1171 3529 ad
1184 3470 1304 3531 sunnio

725 3557 789 3597 cum
803 3540 959 3603 redierunt.
974 3546 1003 3599 et
1016 3542 1195 3601 intrantibus
1209 3544 1303 3603 eunus

725 3611 886 3684 ingressum
901 3615 1106 3685 patefecerunt.

765 3707 792 3740 ii
811 3687 968 3743 hlisrinaS.
984 3688 1095 3743 Rnuioii
1106 3700 1301 3745 cousiniinsrio.

726 3785 761 3798 -
776 3755 900 3829 Mystico.
910 3758 1066 3815 secundum
1079 3762 1247 3831 Demipium,
1257 3754 1302 3816 Sil·

727 3832 807 3884 vator
825 3832 921 3884 noster
939 3832 1021 3887 asino
1049 3832 1155 3888 sedens
1170 3830 1300 3901 ierosoli-

728 3916 803 3956 mam
817 3900 918 3965 tendit,
929 3901 1043 3974 quando
1059 3903 1194 3961 Ecclesiae
1204 3902 1300 3979 unirer

727 3970 789 4039 sali,
812 3972 857 4027 vel
881 3974 982 4044 cuique
1001 3973 1106 4031 animai
1121 3976 1200 4033 lideli
1219 3984 1300 4047 pisesi·

726 4044 807 4110 dens,
821 4048 849 4098 et
873 4060 937 4100 eam
952 4044 980 4101 iii
994 4046 1048 4101 hoc
1063 4048 1160 4104 seculo
1176 4044 1254 4119 quasi
1263 4044 1298 4115 ju·

727 4118 854 4171 iiieiitiim
869 4116 952 4187 regit,
967 4122 1071 4189 etpost
1088 4119 1162 4175 lianc
1176 4122 1259 4174 sitam
1271 4107 1298 4169 id

726 4186 864 4244 visionem
884 4188 1008 4246 caelestis
1033 4189 1135 4262 patria
1149 4184 1296 4247 introducit.
