2820 4928
367 404 407 457 llll
434 401 621 458 tutdrlottlt
649 400 761 456 Prodit
789 400 1048 457 dlscrrdtoltdlt.
1282 402 1328 458 333

88 507 338 582 luntatisubjieio;
349 514 378 584 et
388 523 446 565 uon
458 506 546 580 pedes
557 510 679 574 tantum,
736 521 836 563 sensus
851 505 989 579 eorporis,
1008 519 1043 563 ae
1058 506 1161 564 montis
1176 512 1206 564 et
1219 507 1323 567 animas

89 583 143 640 sed
159 586 188 640 et
202 596 315 652 manus,
331 583 360 639 et
374 584 460 652 eaput
473 577 510 635 ad
527 577 681 636 lavandum
735 576 900 634 affectiones
919 575 1080 636 interiores.
1098 576 1155 651 lpsi
1174 577 1253 637 enim
1269 596 1324 639 nos

90 653 145 710 tibi
164 653 269 724 ollero;
287 657 316 710 et
332 651 412 725 prius
429 649 601 709 sustinerem
620 654 682 707 ate
736 647 845 706 laeiunt
862 654 941 707 extra
960 665 1022 719 nos,
1038 656 1067 708 et
1085 648 1140 723 ipsi
1161 650 1324 723 frequenter

93 740 147 799 per
161 731 253 783 toturn
272 740 374 796 corpus
393 722 493 792 lavari,
513 737 600 794 quam
619 738 637 780 a
653 726 682 778 te
735 722 808 777 sieut
817 720 904 793 pedes
914 722 1094 780 maculantur
1104 723 1186 779 nobis
1199 728 1262 796 post
1272 726 1323 782 Ba·

92 797 232 869 separari.
248 799 310 855 Non
325 795 393 852 mihi
411 811 499 867 neges
515 794 682 867 capiendam

91 873 329 1081 tssegnunarbpartem,
350 884 414 925 eum
434 866 541 924 nullam
563 866 612 922 tibi
634 883 682 921 ne·

218 942 343 998 uendam
355 937 412 997 mei
424 936 551 1010 conponis
560 942 681 1010 partem.

119 1011 228 1071 uamris
238 1011 313 1071 euim
325 1011 428 1069 durum
440 1015 516 1068 esset
528 1013 611 1067 Petro
626 1026 684 1066 sus·

92 1083 188 1142 tinere
204 1083 349 1142 servitium
364 1081 501 1155 Magistri,
515 1082 630 1154 gravius
645 1087 684 1138 ta·

91 1170 161 1214 men
175 1161 236 1213 erat
247 1156 274 1213 ei
287 1156 323 1213 ab
338 1155 399 1228 ipso
415 1154 551 1227 separari.

131 1232 146 1285 5
163 1230 219 1286 Pru
233 1230 390 1285 Bnrrrsuuu
409 1244 494 1284 rorus
511 1244 584 1283 nouo
600 1243 683 1284 nouu-

93 1316 167 1357 men.
182 1331 217 1342 -
230 1303 316 1357 Totus
334 1301 431 1368 homo,
448 1299 604 1357 seeundum
618 1300 685 1356 Au-

92 1374 245 1442 gustinum,
256 1370 383 1431 abluitur
393 1373 422 1428 in
433 1371 590 1442 Baptismo,
602 1373 630 1427 et
642 1387 685 1427 er

92 1441 169 1501 ravit
185 1445 296 1512 Petms,
311 1459 415 1500 nenos
434 1458 606 1511 erraremus,
621 1457 684 1499 cum

93 1530 127 1573 se
142 1519 234 1573 totum
248 1516 368 1573 Domino
382 1512 486 1573 obtulit
499 1513 673 1572 abluendum

96 1602 184 1660 quem
198 1589 271 1645 Deus
284 1585 415 1659 correxit,
431 1586 583 1644 ostendens
597 1555 685 1643 semel

94 1657 269 1733 baptizatum
285 1675 343 1716 non
357 1675 420 1716 esse
438 1656 685 1731 rebaptizandum,

95 1731 173 1789 undo
183 1731 252 1788 dicit
264 1733 292 1788 ei
302 1734 380 1787 lesus
391 1749 399 1786 :
412 1731 466 1799 Qui
479 1733 551 1788 totus
565 1735 615 1796 est,
626 1730 686 1787 sei-

97 1801 165 1860 licet
175 1818 227 1875 per
237 1802 425 1875 Baptismum,
435 1817 490 1858 noo
502 1802 618 1872 indiget,
630 1803 687 1858 nisi

98 1879 131 1930 ut
142 1875 227 1947 pedes
241 1877 323 1945 louet,
339 1873 368 1930 id
386 1878 429 1931 est
443 1873 571 1942 allectus,
587 1876 615 1929 et
628 1888 687 1930 mo·

99 1948 147 2003 tus
165 1945 354 2005 sensualitatis
375 1943 568 2015 inordinatos,
585 1945 633 2001 sed
647 1948 687 2001 est

97 2019 218 2075 moedus
239 2022 323 2088 totus,
343 2014 451 2074 scilieet
467 2022 570 2089 praeter
587 2015 686 2144 pedes,

100 2087 204 2162 quibus
231 2094 338 2148 terram
363 2087 465 2161 tangit,
495 2103 566 2160 quos
602 2103 687 2145 avare

100 2175 173 2243 opus
188 2162 285 2220 habet.
301 2164 340 2218 Er
353 2160 454 2234 quibus
467 2159 563 2217 verbis
576 2158 688 2217 intelli-

133 2248 195 2290 mus
211 2234 360 2306 Apostolos
379 2232 546 2305 baptlzatos,
563 2231 616 2289 etsi
631 2247 688 2289 non

113 2303 224 2376 egimus
237 2305 300 2377 quis
309 2303 462 2388 baptizavit
473 2321 530 2362 eos.
543 2305 631 2360 Erant
642 2320 689 2361 au·

101 2376 410 2450 temomuesbaptuatl
419 2375 563 2448 Baptismo
572 2375 688 2444 Christi,

101 2448 151 2520 qui
162 2447 228 2505 licet
239 2447 299 2521 ipse
313 2464 371 2507 non
381 2447 566 2520 baptizaverit
576 2448 687 2519 turbas,

101 2519 255 2590 baptizavit
269 2526 365 2578 tamen
378 2519 532 2592 discipulos
543 2536 620 2586 snos,
635 2518 689 2577 sibi

100 2588 256 2649 familiares
275 2598 302 2649 et
321 2592 502 2661 domesticos,
521 2597 553 2649 ut
571 2591 689 2647 haberet

100 2662 260 2735 baptizatos
276 2680 384 2734 servos,
400 2680 451 2736 per
470 2678 541 2735 quos
563 2663 688 2735 baptiza-

99 2741 144 2791 ret
162 2743 281 2792 ceteros.
298 2737 353 2793 Sed
370 2752 434 2792 cum
449 2734 610 2806 Baptismus
627 2735 689 2792 abs-

102 2812 196 2879 tergat
214 2809 301 2864 etiam
319 2808 417 2864 sordes
429 2806 560 2935 ,fedum’
577 2805 689 2863 videtur

102 2879 178 2950 quod
193 2878 242 2951 qui
258 2879 331 2936 lotus
346 2883 400 2948 est,
418 2878 426 2934 ἰ
461 2884 504 2935 est
519 2879 687 2951 baptizatus,

103 2967 159 3007 non
180 2949 290 3023 indiget
312 2955 345 3007 ut
367 2950 450 3021 pedes
471 2951 555 3007 lavet.
574 2951 616 3007 Ad
636 2952 689 3007 hoe

102 3022 266 3092 dicendum,
287 3023 362 3095 quod
383 3020 407 3079 si
428 3021 492 3094 quis
511 3021 606 3079 statim
625 3027 690 3105 post

102 3093 279 3167 Baptismum
297 3095 333 3151 de
349 3094 404 3151 hoc
423 3095 528 3150 mundo
544 3098 688 3160 transiret,

102 3182 161 3223 non
178 3165 275 3239 utique
299 3167 353 3224 hae
373 3165 518 3224 ablutione
539 3165 689 3237 indigeret,

103 3235 170 3310 quia
193 3253 257 3295 eum
281 3235 318 3295 sit
340 3239 465 3295 mundus
486 3244 571 3308 totus,
593 3237 690 3296 statim

103 3309 242 3379 evolaret;
259 3310 310 3367 sed
325 3311 371 3382 qui
385 3315 450 3382 post
462 3309 637 3382 Baptismum
652 3309 690 3366 vi-

101 3379 185 3438 vitiu
199 3383 253 3439 hae
265 3381 322 3438 rita
337 3381 532 3463 mortalinou
545 3387 640 3454 potest
652 3382 689 3440 ad

103 3457 215 3509 tantum
228 3453 339 3510 culmen
354 3453 535 3527 perfeetionis
550 3453 699 3511 aseende-'

101 3539 144 3594 re,
158 3524 227 3607 quin
242 3527 328 3582 etiam
345 3525 497 3582 inordinati
512 3530 605 3583 motus
619 3542 689 3582 sen-

100 3596 243 3653 sualitatis
255 3597 291 3654 de
301 3596 450 3654 affectibus
460 3599 582 3654 terrenis
594 3597 688 3655 insur-

99 3673 182 3741 gaut;
198 3677 227 3725 et
240 3667 305 3727 ideo
326 3676 439 3742 oportet
454 3671 529 3741 quod
546 3669 633 3740 pedes
647 3671 688 3726 la·

100 3745 158 3809 vet,
177 3740 221 3797 vel
236 3757 288 3813 per
300 3742 479 3812 martyrium,
495 3740 572 3812 quod
586 3747 626 3797 est
642 3742 689 3799 ba·

100 3812 222 3882 ptismus
241 3812 398 3885 sanguinis,
416 3812 460 3867 vel
479 3827 530 3883 per
547 3812 688 3884 poeniten·

736 792 881 865 ptlsmum,
909 794 937 849 in
959 809 1015 865 quo
1041 799 1114 851 totus
1133 795 1219 851 homo
1239 796 1323 854 ablu·

736 865 803 934 itur,
817 865 884 937 quia
897 881 931 922 ex
945 865 1107 922 conditione
1120 866 1248 924 mortalis
1260 868 1326 929 vitae

736 953 812 1010 saepe
827 937 952 994 maculas
969 938 1141 994 contrahunt
1156 954 1189 995 ex
1203 939 1326 998 terrenis

738 1017 767 1068 et
776 1009 999 1083 temporalibus;
1013 1014 1041 1066 et
1054 1008 1119 1066 ideo
1134 1009 1249 1069 lavandi
1260 1017 1327 1070 sunt

738 1098 778 1140 sae
800 1081 853 1153 ius,
872 1083 947 1153 unde
967 1097 1085 1139 neeesse
1103 1087 1155 1152 est,
1176 1088 1207 1138 ut
1226 1085 1327 1142 erebra

739 1098 884 1211 abbrtione
898 1153 1085 1210 consessionis
1097 1159 1126 1211 et
1137 1154 1329 1227 lacrymarum

739 1226 932 1283 emundentur
945 1225 1032 1297 pedes
1049 1226 1203 1284 allectuum
1219 1227 1253 1284 de
1270 1232 1328 1285 ter·

739 1313 810 1354 rena
821 1296 995 1369 cogitatione
1008 1303 1199 1369 terrenorum,
1210 1300 1239 1355 in
1253 1298 1328 1371 eogi-

739 1373 800 1427 tatu
814 1376 844 1427 et
857 1386 955 1427 amore
975 1386 1084 1427 eorum.
1107 1370 1159 1438 Qui
1175 1370 1251 1429 euim
1272 1386 1328 1428 non

740 1442 851 1498 lavatur
860 1445 925 1513 post
937 1441 1112 1514 Baptismum
1125 1457 1177 1514 per
1189 1441 1329 1516 poeniten·

740 1513 820 1584 tiam,
844 1530 902 1571 nou
924 1514 1012 1571 habet
1032 1529 1096 1572 cum
1115 1516 1184 1572 lesu
1224 1521 1326 1573 artem.

741 1586 819 1643 Unde
834 1583 909 1667 dicit·
920 1586 1107 1668 Augustinus,
1119 1531 1328 1658 quodbumani

740 1658 869 1727 allectus,
887 1673 950 1739 sine
969 1659 1071 1730 quibus
1084 1658 1114 1715 iu
1130 1659 1183 1716 hae
1197 1658 1330 1716 mortali·

741 1734 798 1786 tate
810 1745 867 1786 nou
877 1730 992 1798 vivitur,
1025 1729 1086 1787 uasi
1097 1730 1183 1802 pedes
1191 1738 1267 1799 suut,
1279 1729 1327 1789 ubi

741 1799 876 1858 humanis
889 1802 976 1859 rebus
991 1818 1009 1859 a
1042 1804 1145 1875 eimur,
1162 1807 1231 1860 utet
1247 1804 1329 1860 diee-

740 1875 839 1958 rimus·
855 1876 986 1958 quoniam
1009 1881 1150 1960 peecatum
1170 1891 1224 1933 oon
1248 1876 1330 1953 bobe-

741 1945 1151 2074 lt’ttlttldtlttlltu
1170 2035 1329 2076 „enm

743 2105 797 2145 nur
810 2104 923 2143 munau
944 2089 1089 2146 Derisus?
1099 2121 1132 2132 —
1143 2090 1330 2162 Sciebatergo

743 2158 879 2216 Dominus
891 2160 1041 2231 Apostolos
1056 2163 1178 2219 mundos
1193 2167 1330 2234 quantum

743 2231 780 2288 ad
790 2235 883 2304 eaput,
893 2231 1026 2303 quiaDeo
1036 2233 1180 2306 conjuncti
1190 2238 1331 2306 erantper

743 2304 831 2360 fidem
852 2310 880 2360 et
901 2302 1067 2386 earitatem3
1090 2310 1118 2362 et
1137 2311 1276 2378 quantum
1294 2303 1332 2363 ad

745 2391 855 2445 manus,
871 2391 938 2448 quia
952 2392 1053 2434 eorum
1068 2393 1156 2448 opera
1169 2384 1251 2436 erant
1262 2393 1331 2435 san·

743 2453 805 2515 eta;
830 2447 881 2503 sed
903 2451 1000 2505 tamen
1019 2455 1156 2521 quantum
1175 2451 1211 2508 ad
1230 2449 1330 2523 pedes,

743 2519 863 2575 allectus
872 2520 983 2591 aliquos
994 2524 1173 2578 terrenorum
1186 2538 1220 2579 ex
1232 2538 1332 2579 sensu·

743 2590 840 2646 alitate
855 2590 1008 2659 habebant,
1025 2595 1053 2646 et
1069 2592 1177 2648 sordidi
1194 2599 1286 2660 erant,
1302 2596 1332 2650 et

744 2661 808 2718 ideo
822 2669 960 2733 quantum
974 2663 1011 2718 ad
1025 2662 1088 2719 illos
1101 2662 1207 2720 lotione
1224 2664 1331 2736 indige·

744 2735 823 2790 bant.
843 2734 922 2790 Unde
940 2735 1099 2791 Bemardue
1119 2750 1126 2791 ε
1149 2753 1163 2789 d
1183 2735 1236 2803 Qui
1254 2735 1331 2793 lotus

744 2811 798 2875 est,
814 2822 873 2863 non
887 2803 1003 2876 indiget.
1021 2806 1077 2863 nisi
1094 2811 1124 2864 ut
1139 2808 1225 2878 pedes
1239 2809 1330 2876 lavet3

745 2879 819 2935 lotus
829 2879 904 2934 enim
918 2884 969 2948 est,
981 2877 1028 2949 qui
1040 2877 1138 2951 gravio
1149 2885 1264 2951 peccata
1275 2894 1331 2936 non

745 2951 842 3019 habel,
857 2950 938 3077 ciffus
953 2956 1047 3022 caput,
1062 2951 1090 3008 id
1102 2956 1146 3007 est
1155 2950 1288 3022 intentio,
1302 2957 1332 3009 et

746 3036 877 3090 manuel
909 3024 978 3078 esto
999 3022 1089 3080 oratio
1103 3023 1331 3094 eteonrersatio,

747 3094 854 3151 munda
865 3101 928 3163 est,
943 3039 998 3150 sel)
1033 3095 1109 3163 edes,
1126 3096 1174 3167 qui
1190 3100 1256 3154 sunt
1269 3094 1333 3153 ani-

747 3182 801 3222 mm
816 3164 992 3233 affectiones,
1007 3110 1076 3223 <lum
1097 3167 1128 3223 in
1146 3170 1200 3225 hoo
1216 3169 1333 3240 pulvere

745 3237 893 3310 gradimur
919 3253 952 3294 ex
980 3243 1041 3294 toto
1067 3239 1165 3296 mundi
1188 3256 1251 3298 esse
1274 3255 1333 3297 non

745 3314 877 3382 possunt,
891 3310 960 3381 quin
974 3309 1126 3382 aliquando
1139 3310 1268 3378 vanitati,
1283 3311 1334 3369 ali·

747 3382 861 3454 quando
877 3380 1025 3454 voluptati,
1039 3382 1192 3456 aliquando
1209 3383 1330 3442 curiosi·

746 3453 796 3510 tati
816 3453 879 3526 plus
899 3469 985 3525 quam
1002 3460 1147 3527 oporteret
1171 3456 1254 3514 cedat
1271 3454 1333 3514 ani-

746 3541 818 3595 mus,
833 3525 876 3582 vel
895 3526 932 3582 ad
951 3527 1051 3584 horam
1071 3545 1078 3583 ε
1098 3531 1131 3585 ln
1149 3531 1245 3586 multis
1261 3532 1334 3586 enim

745 3599 909 3668 offendimus
928 3614 1028 3656 omnes,
1049 3601 1251 3659 Verumtamen
1271 3602 1333 3658 haeo

746 3686 830 3727 nemo
841 3674 1003 3726 contemnat
1013 3676 1061 3727 aut
1072 3672 1267 3744 parvipendat.
1280 3674 1334 3729 lm·

746 3740 880 3813 possibile
895 3749 938 3796 est
949 3742 1025 3798 enim
1039 3758 1102 3798 rum
1117 3743 1157 3799 eis
1171 3743 1285 3812 salvari,
1302 3747 1331 3799 et

747 3810 919 3884 impossibile
929 3822 972 3869 est
983 3829 1018 3869 eo
1030 3813 1109 3879 dilui,
1125 3813 1179 3869 nisi
1190 3830 1242 3887 por
1252 3813 1332 3871 Chri·

102 3882 182 3953 tlam,
197 3884 272 3956 quod
285 3889 329 3942 est
343 3882 497 3956 baptismus
511 3883 645 3953 flaminis,
658 3889 690 3942 ut
745 3888 829 3949 stum,
844 3890 872 3940 et
883 3900 900 3941 a
913 3884 1035 3952 Christo,
1051 3884 1150 3957 quiesi
1164 3901 1222 3942 non
1231 3886 1333 3943 laverit

102 3955 214 4013 evolare
230 3955 329 4028 possit.
347 3957 399 4014 Ubi
416 3960 483 4013 nota
497 3955 574 4038 quod
590 3955 688 4013 interi·
744 3973 779 4014 ea
797 3954 936 4020 Christus,
954 3973 1014 4013 nou
1033 3956 1200 4014 habebimus
1221 3963 1332 4028 portem

103 4025 297 4085 orishominis
307 4035 400 4099 eaput,
411 4035 537 4085 estratro
547 4029 688 4100 superior,
745 4044 809 4085 oum
824 4044 869 4085 eo.
884 4029 972 4085 Nemo
988 4034 1083 4108 tamen
1103 4044 1154 4100 pro
1175 4029 1216 4085 eis
1230 4030 1332 4102 despe-

102 4113 158 4170 qua
180 4098 276 4157 anima
298 4105 341 4157 est
364 4101 515 4172 conjuncta
538 4101 606 4168 Deo,
631 4100 689 4157 sire
745 4105 798 4170 ret,
839 4099 953 4156 uoniam
967 4100 990 4154 si
1008 4097 1111 4155 viderit
1129 4116 1181 4156 nos
1195 4101 1331 4158 Dominus

101 4185 168 4254 pars
182 4171 412 4254 contemplativa,
426 4189 490 4245 quae
504 4171 627 4229 intendit
641 4188 688 4229 su-
744 4116 890 4252 humiiiter
904 4186 955 4253 pro
968 4169 1008 4226 eis
1020 4186 1082 4252 esse
1092 4171 1238 4242 sollicitos,
1251 4172 1331 4254 igno·

99 4245 260 4314 penoribus
270 4244 439 4313 etmternis3
454 4260 555 4301 manus
566 4249 633 4300 sunt
647 4259 689 4301 ra·
744 4250 804 4300 suet
818 4243 911 4312 laede,
925 4258 982 4298 imo
997 4246 1026 4298 et
1039 4241 1170 4301 libenter.
1186 4247 1226 4300 De
1241 4260 1332 4301 mino-

101 4313 140 4370 tio
156 4315 284 4382 inlerior,
321 4332 364 4373 uae
378 4321 460 4373 raeat
475 4314 608 4390 operibus
622 4316 690 4373 acti·
744 4315 824 4373 ribus
839 4312 917 4372 euim
934 4312 995 4370 istis
1010 4314 1134 4388 peccatis
1150 4313 1199 4387 pia
1214 4315 1330 4390 dispen-

102 4398 145 4443 rae
162 4387 245 4459 ritae3
262 4331 351 4461 peaes
368 4403 447 4457 vero,
468 4386 647 4458 sensualitas,
661 4392 690 4446 et
744 4385 855 4444 satione
870 4385 1016 4444 nobiseum
1029 4385 1125 4458 agitur
1139 4404 1146 4442 :
1161 4393 1192 4444 ut
1207 4403 1263 4446 nou
1279 4403 1331 4462 pe·
