2820 4928
194 311 236 366 nll
263 310 358 365 coll.
388 311 481 364 lllll
508 309 612 374 linai,
641 311 731 373 01]ss
758 311 885 367 laruda
911 309 1008 369 lucin
1035 311 1097 365 Plio
1122 309 1243 366 clluln.
1312 310 1328 365 l

100 417 185 477 Patre
204 416 343 488 genitum,
358 432 416 477 uon
435 433 503 477 voce
522 417 629 479 editum
644 442 651 481 i
668 440 684 473 n

100 488 162 548 haec
174 489 347 549 Ambrosius.

139 581 168 619 ii
197 562 329 620 Csaisrns
354 564 503 621 Arosrniis
531 564 683 623 Passiouaii

100 634 320 690 inspicis-Ut
332 640 427 693 antem
443 633 568 706 Apostoli
583 634 683 693 melius

99 707 231 761 tenerent
244 710 415 786 preceptum
431 704 552 774 Domini,
565 722 600 764 ne
616 711 682 765 ante

99 781 336 835 resurrectionem
368 778 611 850 evangelizarent,
635 778 681 840 ,si-

98 845 216 918 mulque
236 864 270 903 ne
286 849 436 907 horrerent
450 848 550 909 mortis
569 848 681 921 pericn-

96 915 185 999 lum,
204 917 228 975 si
256 919 336 992 regni
365 919 487 994 gloriam
514 919 681 993 diligerent,

94 989 227 1059 predixit
248 989 291 1051 eis
313 996 380 1049 tuuc
400 991 567 1051 Passionem
588 1008 680 1053 suam.

95 1062 208 1118 Exinde
232 1064 309 1121 enim
334 1067 414 1135 cepit
439 1067 518 1120 lesus
543 1065 683 1123 ostendere

95 1132 244 1203 discipulis
260 1137 329 1198 suis,
345 1137 414 1206 quia
433 1139 578 1206 oporteret,
592 1135 621 1190 id
641 1139 685 1194 est

95 1203 271 1262 conveniens
283 1213 367 1272 esset,
380 1206 537 1264 secundum
550 1205 686 1263 ordinati·

98 1289 186 1329 onem
201 1274 339 1343 divinam,
353 1275 455 1332 Filium
469 1276 604 1345 hominis,
615 1276 687 1334 scili·

99 1348 145 1403 cet
160 1360 231 1412 eum,
246 1348 287 1402 ire
304 1349 500 1416 ierosolymam
515 1347 550 1405 ad
564 1363 683 1418 operan-

98 1415 167 1473 dum
189 1416 308 1474 salutem
332 1418 362 1477 in
384 1417 477 1475 medin
498 1423 597 1487 terram
617 1419 683 1490 unia

96 1487 322 1568 preordinatum
334 1494 422 1549 erata
433 1491 490 1549 Deo
504 1493 595 1558 Patre,
604 1491 681 1561 quod

95 1558 134 1614 ilii
146 1560 338 1630 compleretur
351 1559 516 1633 mysterium
531 1561 681 1633 redempti·

93 1628 155 1686 onis
167 1636 281 1689 nostrai.
294 1632 371 1689 Unde
384 1632 488 1689 isludn
509 1638 581 1690 odet
595 1649 680 1704 opem

92 1705 204 1772 portat,
225 1718 292 1775 opes
317 1709 459 1776 apportat.
488 1648 614 1776 gportet,
636 1707 677 1764 in-

92 1787 192 1842 quam,
207 1789 265 1832 nou
283 1782 399 1846 prepter
414 1791 477 1844 sna,
494 1775 544 1833 sed
563 1782 679 1848 propter

91 1849 190 1902 nostra
212 1851 344 1916 peccata,
360 1850 389 1905 et
410 1846 476 1903 ideo
492 1863 510 1905 a
527 1848 678 1909 Psalmista

93 1913 197 1972 dicitur
213 1934 218 1972 :
235 1917 300 1983 Qua
310 1934 364 1974 nori
373 1921 467 1989 rapui,
480 1923 544 1975 tunc
555 1922 677 1977 essetne·

94 1984 678 2073 bamiliastrolabile,qnodipselequens

92 2056 129 2113 de
150 2073 200 2114 sua
222 2059 357 2118 Passione
378 2060 508 2119 nominat
526 2078 555 2121 sc
575 2062 678 2121 Filium

91 2128 293 2197 dominianus
306 2130 406 2191 Filium
422 2132 489 2202 Dei;
502 2132 580 2204 quasi
593 2135 678 2196 vellet

92 2200 186 2259 dicere
197 2203 271 2271 quod
283 2218 418 2274 passurus
428 2208 497 2272 erat,
509 2221 564 2263 non
575 2222 676 2265 secun·

91 2271 159 2329 duni
174 2279 305 2332 naturam
319 2275 512 2343 divinamsed
521 2280 677 2337 secundum

91 2342 256 2403 humanam.
268 2347 369 2403 Modus
383 2351 478 2407 antem
488 2353 592 2407 nostrie
609 2351 676 2409 red·

92 2415 244 2485 emptionis
261 2419 451 2489 subjungitur,
467 2435 531 2477 cum
551 2419 672 2480 dicitur:

91 2488 129 2544 Et
142 2488 229 2544 multa
243 2492 314 2559 poti,
330 2488 420 2547 lactus
434 2490 511 2549 enini
526 2491 677 2553 fasciculus

91 2560 262 2630 myrrhae,id
275 2568 318 2616 est
327 2562 458 2621 cumulus
467 2563 675 2635 amaritudinis,

90 2629 158 2700 qnia
174 2631 319 2711 exqmultis
337 2633 501 2705 passionum
521 2636 676 2706 generibus

89 2707 264 2772 compositus
289 2708 331 2760 est
363 2706 486 2776 myrrha
515 2705 673 2767 fasciculus.

88 2774 190 2840 Multo,
206 2773 335 2844 inquam,
347 2780 420 2847 pari,
439 2775 523 2848 quia:
543 2795 674 2850 compre·

90 2843 188 2912 hendi,
202 2844 382 2917 colaphizari,
396 2848 522 2920 conspui,
536 2849 676 2918 accusari,

91 2914 241 2983 denudari,
251 2917 339 2988 spinis
349 2919 636 3045 coronari‚lla5ellari
649 2924 678 2974 et

90 2988 254 3056 reprobari;
268 2992 458 3059 semissibus,
474 2993 524 3060 qni
556 2991 680 3045 ebebant

92 3057 199 3113 liabere
215 3061 457 3128 preeminentiaui
473 3058 548 3123 vitae,
559 3065 585 3114 et
602 3061 680 3117 Scri·¹

95 3127 204 3203 eisqui
219 3129 386 3189 ridebantur
398 3133 506 3189 habere
516 3128 681 3204 praerogati-

90 3198 679 3275 vamscientiaemprtniipidussacerdotum

90 3270 679 3341 quihabebantexcellentiamauctorilatis

89 3350 118 3399 el
132 3343 401 3417 potentiamne)
412 3345 623 3420 istisjudicatus
635 3353 678 3405 est

88 3414 125 3474 ed
153 3421 275 3472 mortem
300 3422 329 3473 et
354 3417 470 3475 Prmsidi
493 3417 626 3487 traditus;
652 3422 678 3478 et

88 3486 179 3542 occidi·
192 3485 222 3544 in
237 3503 321 3544 cruce
336 3505 354 3545 a
369 3489 515 3559 Gentibus,
533 3505 596 3572 quae
611 3505 677 3549 enm

86 3557 292 3628 crucifixerunt
319 3559 442 3633 propriis
471 3562 627 3631 manibus;
652 3567 679 3621 ct

86 3631 171 3684 tertia
187 3630 234 3684 die
248 3645 399 3703 reserpere,
411 3637 557 3704 tamquam
573 3631 677 3690 virtute

84 3698 676 3775 propria,n0nsuscitaripotestatealiena,

85 3772 161 3842 quod
178 3771 257 3839 dixit,
278 3788 313 3828 ne
337 3773 422 3830 nimis
446 3775 481 3831 de
502 3777 563 3846 ejus
586 3783 677 3831 morte

84 3841 280 3909 tristarentur,
297 3845 379 3901 etsie
394 3861 442 3915 spe
459 3846 678 3902 resurrectionis

87 3915 331 3972 confortarentur.
348 3917 392 3973 Ad
415 3917 468 3972 hoc
491 3917 677 3987 ignominiam

87 4000 145 4041 snae
162 3985 319 4052 Passionis,
334 3992 364 4044 et
381 4004 440 4045 suae
459 3988 678 4045 resurrectionis

87 4056 209 4127 gloriam
225 4057 365 4128 praedisit,
382 4065 414 4116 ut
429 4076 479 4116 sno
494 4060 623 4132 exemplo
639 4059 678 4114 ti-

87 4143 198 4184 morem
224 4129 364 4199 passionis
385 4131 508 4201 tolleret,
526 4135 554 4187 et
576 4148 625 4187 ens
643 4131 678 4187 ad

87 4200 333 4259 considerandum
364 4216 423 4258 suas
460 4201 680 4259 resurrectionis

88 4270 210 4341 gloriam
235 4270 370 4331 elevaret.
395 4272 446 4330 Ubi
468 4277 678 4345 Hieronymus:

742 420 820 479 «Est
838 422 933 479 antem
952 434 1072 479 sensui:
1092 420 1169 477 Tunc
1189 432 1235 475 me
1251 431 1326 498 prae·

739 491 840 560 dicate,
857 507 920 551 cum
944 489 999 551 isla
1019 506 1119 562 passus
1143 489 1239 556 snero;
1280 504 1327 549 uia

738 580 814 623 uune
834 579 892 621 non
910 563 1025 635 prodest
1045 560 1187 642 Christum
1212 506 1325 641 pulssice

738 634 903 706 praedicare,
919 639 946 692 et
962 637 1025 706 ejus
1038 636 1152 705 vulgare
1167 649 1197 690 in
1209 631 1325 758 populis

736 710 925 774 maiestatem,
944 721 1028 778 quein
1065 711 1107 764 nst
1121 704 1206 776 paulu
1219 704 1325 761 umlla·

736 781 871 850 gelatum
887 777 973 837 visuri
988 722 1098 835 suniat
1114 774 1289 834 cincillium.
1308 793 1322 829 r

774 871 804 909 ia
831 852 891 918 Quo
915 866 999 909 sessu
1027 851 1131 909 Persius
1157 863 1278 905 vecariis
1304 862 1323 905 a

736 921 852 981 Camere
867 939 985 982 aaronis
999 937 1031 979 iir
1044 916 1223 980 scampinus?
1238 948 1270 963 -
1285 919 1322 977 Et

736 1010 875 1051 assumeris
890 1010 950 1051 eam
966 997 1064 1051 Petras
1077 1007 1215 1057 seorsum,
1230 988 1322 1070 eludu-

737 1080 802 1122 cens
820 1066 984 1136 separatim,
999 1081 1034 1123 ne
1048 1079 1144 1123 coram
1162 1061 1226 1119 aliis
1242 1059 1321 1119 vide·

737 1140 818 1193 retur
827 1152 946 1206 arguere
956 1135 1130 1205 Magistrum,
1140 1137 1221 1205 cepit
1231 1135 1319 1190 incra·

738 1223 806 1277 pare
827 1208 907 1263 illum
930 1209 1053 1265 amantis
1074 1206 1175 1263 effectu
1197 1206 1289 1261 dicens
1310 1221 1319 1259 a

739 1277 823 1334 Adsit
837 1294 855 1333 a
869 1282 904 1344 te,
920 1280 1044 1348 Domine,
1058 1275 1098 1333 sic
1111 1276 1186 1348 pati;
1200 1276 1322 1354 uoueri

738 1350 792 1405 tilii·
805 1351 864 1417 tec,
880 1347 989 1407 scilicet
1003 1348 1077 1419 qnod
1097 1351 1219 1406 interest
1236 1345 1323 1405 Filius

737 1418 787 1477 Dei
803 1419 866 1477 riri.
883 1421 968 1488 Quasi
985 1420 1090 1479 diceret
1106 1436 1113 1477 :
1129 1418 1266 1499 ludeceus
1280 1419 1322 1475 est

735 1491 809 1561 qnod
836 1496 879 1560 tu,
908 1491 1045 1549 Dominus
1071 1491 1237 1570 majestatis,
1262 1493 1320 1548 tani

734 1563 922 1631 ignominiose
942 1562 1068 1635 patiaris.
1084 1564 1241 1631 increparit
1261 1561 1318 1641 Pe·

732 1638 793 1691 trus
818 1634 969 1694 Dominum
996 1636 1089 1705 potius
1113 1649 1198 1705 quam
1218 1639 1316 1702 ceteri,

754 1706 799 1762 uia
828 1721 886 1762 non
912 1707 973 1765 uult
1002 1704 1207 1763 consessionem
1235 1717 1318 1761 suam

732 1720 1015 1848 dissertissimus
1038 1776 1138 1834 Filium
1162 1774 1210 1832 liei
1234 1789 1318 1846 posse

732 1848 823 1907 occidi
843 1850 885 1905 iel
907 1848 993 1917 mori:
1016 1848 1060 1907 rel
1082 1849 1185 1928 potins,
1201 1851 1319 1921 propter

732 1920 850 1978 terioris
864 1936 991 1979 amorem
1015 1921 1068 1977 lioc
1090 1919 1167 1987 lecit,
1183 1933 1238 1987 qun
1259 1931 1318 1996 pras

732 1991 833 2050 ceteris
856 1992 985 2050 ardebat.
1010 1993 1044 2047 Et
1070 1991 1141 2047 bene
1166 1993 1319 2068 assumpsit

733 2078 797 2121 enm
818 2065 915 2121 Petrus
929 2067 1038 2119 secreto
1057 2060 1221 2139 relinquens
1235 2058 1318 2139 nuliis

732 2135 892 2206 exemplum
914 2133 1045 2192 similiter
1066 2130 1204 2202 arguendi
1227 2144 1317 2201 majo-

731 2222 802 2275 rem,
817 2208 885 2276 quia
901 2205 1019 2264 interior
1039 2219 1096 2285 non
1112 2203 1197 2263 debet
1220 2202 1248 2286 in
1265 2216 1317 2329 Bu·

732 2277 805 2335 blico
833 2293 952 2348 arguere
967 2289 1165 2356 superiorem:
1181 2275 1244 2342 Qui,
1289 2288 1318 2353 o-

732 2349 823 2408 minus
843 2349 951 2407 scilicet
964 2361 1118 2414 convenire,
1139 2345 1167 2403 id
1188 2351 1231 2401 est
1244 2343 1317 2399 iacie

730 2437 812 2481 versa
831 2421 865 2479 ad
886 2423 1000 2478 Petrum
1020 2433 1104 2490 quem
1125 2414 1315 2498 precedebat,

731 2498 762 2549 ut
781 2494 822 2550 sic
844 2507 996 2550 conversus
1020 2506 1085 2549 eum
1110 2491 1264 2559 aspiceret,
1288 2490 1317 2543 et

730 2563 874 2623 efficacius
895 2566 1039 2634 argueret,
1054 2562 1131 2619 dicit
1155 2562 1245 2620 Petro,
1267 2570 1316 2613 ar·

732 2637 845 2708 gnendo
858 2634 950 2705 ipsum
964 2652 971 2690 :
990 2634 1137 2704 Vadepost
1149 2646 1191 2685 uie
1201 2626 1315 2684 contor-

720 2707 828 2765 -uiitate
843 2705 1014 2772 voluntatis,
1029 2709 1057 2761 et
1069 2707 1157 2770 retro,
1173 2716 1230 2758 non
1246 2713 1316 2757 ceu·

730 2783 774 2836 tra
795 2794 851 2845 me,
863 2780 980 2845 sicano,
996 2776 1024 2832 id
1048 2779 1090 2832 est
1109 2768 1317 2852 adversarieuet

731 2848 889 2919 contrarie;
904 2847 972 2918 quia
984 2862 1056 2901 meaa
1069 2845 1206 2922 voluntati
1221 2846 1250 2895 et
1263 2855 1316 2894 viae

731 2919 830 2973 salutis
845 2915 1005 2972 communis
1021 2916 1191 2990 adversaris,
1207 2915 1235 2990 et
1249 2925 1316 2965 con-

732 2989 822 3043 traria
837 2986 963 3056 loqueris
980 3002 987 3038 :
1004 2986 1124 3039 Satanas
1138 2996 1213 3036 enim
1230 2986 1317 3062 inter-

734 3057 1059 3129 pretatur·odnersurius
1076 3052 1135 3108 sive
1151 3056 1315 3130 contrarius.

734 3128 818 3200 Quasi
835 3126 963 3186 diceret:
979 3127 1039 3186 Non
1059 3123 1219 3181 adverseris
1237 3121 1317 3190 milii,

732 3201 784 3259 sed
806 3201 918 3275 applica
941 3198 1116 3256 voluntatem
1144 3202 1221 3252 tuam
1246 3209 1317 3250 meae

731 3273 868 3333 voluntati
877 3291 884 3341 ;
894 3276 923 3331 et
934 3270 993 3328 noli
1005 3268 1141 3343 impedire
1153 3268 1318 3324 Passionem

732 3361 836 3417 meam,
847 3346 895 3403 sed
912 3343 1002 3417 magis
1014 3357 1143 3414 sequere,
1155 3345 1183 3396 el
1195 3344 1260 3421 post
1273 3352 1318 3418 ma

732 3418 824 3476 eundo
843 3415 963 3489 vestigia
987 3430 1051 3473 mea
1066 3413 1190 3469 imitare.
1207 3412 1259 3466 Ubi
1279 3411 1319 3463 ait

732 3490 883 3559 Origenes:
905 3509 919 3538 u
933 3490 1035 3543 Beatus
1056 3493 1153 3543 eutem
1176 3482 1212 3563 ad
1233 3493 1319 3551 quem

732 3561 909 3618 convertitur
934 3557 1072 3624 Christus,
1092 3558 1203 3613 etiamsi
1228 3549 1319 3607 corrl·

731 3630 828 3716 piendi
846 3646 932 3688 causa
951 3627 1143 3686 convertiturl
1167 3645 1181 3676 s
1202 3625 1235 3678 llt
1251 3622 1320 3706 sub·

729 3701 825 3785 pnngit
842 3701 975 3757 [lominus
991 3722 997 3756 :
1015 3699 1183 3756 scandulum
1195 3709 1223 3749 es
1237 3694 1319 3774 milii,

732 3766 1319 3830 idesldasmiliinncasionemollensmnis,

733 3851 761 3902 et
774 3860 820 3900 ine
835 3843 966 3908 offendis,
984 3844 1051 3912 quia
1066 3842 1096 3895 in
1110 3839 1166 3895 isto
1181 3838 1255 3916 lacto
1268 3849 1322 3888 aori

733 3919 811 3988 sapis
826 3931 868 3983 eu,
882 3930 943 3984 que
956 3916 1005 3969 Dei
1017 3917 1091 3980 aaut,
1108 3910 1322 3979 dispositionem

734 3987 783 4044 Dei
809 3986 845 4042 de
864 4001 927 4041 mea
950 3984 1081 4040 Passieno
1100 3976 1321 4053 considerando,

734 4059 782 4114 sed
801 4074 843 4122 eu,
857 4073 918 4127 quae
937 4058 1087 4121 domiuum,
1103 4054 1149 4123 qni
1170 4049 1324 4118 praesentia

735 4134 871 4201 appetunt
886 4130 1011 4184 humane
1027 4139 1077 4196 pro
1094 4139 1137 4203 iiie
1153 4114 1281 4181 zelando,
1295 4120 1324 4170 et

736 4217 782 4257 nie
804 4200 907 4257 allecto
928 4200 1054 4255 hnmano
1075 4186 1228 4259 diligendo.
1250 4186 1323 4258 Ergo

736 4287 836 4340 sapere
864 4272 999 4327 dehemus
1024 4279 1081 4319 non
1109 4261 1248 4326 humana,
1272 4258 1324 4313 sed
