2820 4928
343 399 383 455 litt
409 395 598 456 ablutioni
627 399 737 456 tundit
770 398 1040 458 hiselitbotittll.
1258 398 1304 454 385

67 515 164 568 autem
179 521 328 590 surgensa
340 521 421 565 cena
434 506 523 590 linteo
538 523 569 565 se
577 523 656 635 lprae·

68 579 200 649 cinxerit,
209 582 375 650 miseritque
384 594 487 651 aquam
498 596 526 635 in
540 596 575 652 pe
589 596 655 649 vim,

65 652 162 725 cogita
174 667 238 724 quae
252 653 397 722 majestas,
412 657 441 708 et
456 667 519 723 quae
532 658 658 724 potestas

68 723 220 782 hominurn
235 724 324 796 pedes
337 722 444 780 laniet
458 722 656 795 emersitque

66 796 234 867 benignitas
252 794 407 867 proditoris
430 792 550 864 vestigia
568 794 657 851 sacris

65 867 203 925 manibus
222 865 323 939 tangit.
342 868 444 938 specta
467 874 496 922 ct
514 871 655 938 exspecta,

64 944 98 997 et
109 938 209 996 ultimo
224 939 351 995 omnium
369 942 433 994 tuos
447 936 473 993 ei
497 940 592 1009 praehc
607 954 656 1009 pe-

66 1011 120 1068 des
137 1010 306 1077 abluendos,
331 1008 468 1080 quoniam
493 1024 578 1080 quem
598 1025 656 1066 non

66 1079 181 1151 laverit,
189 1097 247 1137 non
256 1080 372 1138 habebit
382 1088 493 1153 partem
506 1097 569 1137 cum
581 1096 615 1138 eo
624 1098 654 1138 :ii

65 1152 130 1210 haec
142 1153 300 1209 Anselinos.

103 1228 120 1280 8
135 1225 322 1292 Quinirrsrics
338 1241 433 1280 sionir
447 1242 562 1282 rnsrmii
577 1244 656 1283 nnis·

67 1296 203 1353 suuncio?
215 1327 249 1338 -
264 1297 323 1352 Hoc
336 1301 431 1354 autem
448 1297 558 1371 expleto
573 1297 656 1354 mini-

65 1368 166 1433 sterio,
184 1368 261 1439 quod
274 1368 311 1425 ad
325 1367 517 1425 humilitatem
529 1369 654 1442 pertine·

65 1439 117 1498 bat
134 1439 287 1512 obsequii,
308 1445 336 1497 et
364 1440 401 1497 ad
427 1440 654 1513 purificationem

65 1527 158 1568 coenae
178 1511 313 1584 Corporis
337 1512 392 1580 sui,
406 1511 547 1586 reaccepit
563 1514 654 1570 resti-

64 1589 165 1640 menta
179 1599 232 1639 sua
246 1587 275 1639 et
289 1583 374 1639 rediit
392 1582 429 1640 ad
444 1583 537 1641 locum
552 1600 651 1641 coenae.

64 1656 215 1729 Postquain
239 1671 303 1724 erpo
319 1657 389 1710 lenit
406 1655 490 1727 pedes
507 1673 608 1726 eornm,
629 1661 654 1712 at

63 1730 171 1799 accepit
192 1729 354 1782 uestimento
375 1742 453 1782 suo:
479 1727 545 1799 quia
564 1731 655 1785 mutat

64 1796 204 1867 officium,
219 1801 312 1854 mutat
324 1803 352 1854 et
367 1796 496 1855 habitum
509 1815 516 1866 3
538 1798 575 1855 ad
592 1815 653 1856 ser-

61 1867 198 1926 viendum
214 1868 383 1926 vestimenta
398 1868 540 1941 deposuit,
553 1870 588 1926 ad
602 1871 654 1926 do·

62 1940 184 1997 cendum
196 1942 315 1998 resumit
329 1945 357 1997 et
369 1940 465 2009 sedet;
481 1947 512 1997 ut
524 1942 600 1997 enim
614 1940 655 1996 di·

62 2011 138 2068 citur
152 2011 179 2068 in
195 2011 393 2069 Ecclesiastico
411 2028 417 2067 :
431 2012 557 2068 Amantes
569 2014 654 2068 homi·

63 2085 121 2152 nte,
137 2086 265 2140 enuntiat
279 2085 313 2140 de
332 2085 391 2139 illo.
410 2084 465 2140 Per
484 2083 538 2140 hoc
558 2090 653 2141 autem

62 2154 200 2223 ostendit,
220 2155 296 2226 quod
320 2153 452 2227 superior
472 2159 537 2227 post
559 2160 653 2212 actum

62 2224 237 2283 humilitatis
256 2227 339 2284 dehet
359 2242 504 2284 resumere
524 2226 652 2284 debitum

61 2296 191 2354 officium
209 2297 394 2354 auctoritatis.
411 2297 527 2370 Mystico
546 2304 653 2369 autem,

62 2368 222 2426 secundum
237 2371 397 2439 Aleninnm,
414 2370 531 2442 impleta
544 2370 655 2427 redem-

60 2438 168 2521 ptionis
192 2446 299 2497 nostrae
314 2444 497 2523 purgatione,
522 2457 572 2512 por
585 2458 654 2498 san·

61 2526 157 2583 guinis
172 2512 216 2568 sui
239 2513 420 2581 eilusionem,
438 2513 547 2584 accepit
566 2514 652 2569 vesti·

61 2589 159 2638 menta
171 2583 327 2653 sua,tertia
337 2584 384 2641 die
397 2586 432 2641 de
443 2584 592 2655 sepulchro
606 2601 653 2641 rc-

59 2668 191 2725 surgens
212 2658 242 2710 et
265 2656 367 2712 eodem
389 2671 507 2726 corporo
521 2656 581 2728 jani
599 2657 653 2712 im-

60 2723 303 2782 mortalirestitus
317 2726 443 2781 ascendit
453 2726 483 2782 in
496 2727 610 2794 coelum,
626 2732 655 2784 et

60 2796 90 2852 in
103 2796 220 2852 dextera
232 2802 360 2869 paternae
373 2796 530 2855 divinitatis
542 2814 653 2854 recum-

60 2865 114 2936 bit,
135 2867 203 2924 inde
222 2876 357 2925 venturus
372 2868 408 2925 ad
421 2869 617 2941 judicandum.

97 2962 114 3012 9
130 2941 189 2996 Curi
206 2957 289 2996 riori
313 2958 379 2997 rins
402 2958 476 3004 ouiii
494 2959 582 2998 vnnni
602 2959 654 2998 uo-

59 3027 161 3079 vainr,
187 3011 321 3069 (tuiisrns
348 3031 398 3069 ren
430 3030 482 3070 noc
509 3031 654 3070 niscirnnis

59 3098 203 3138 ninurnoii
218 3101 287 3140 ninii
301 3101 407 3142 vomnr.
421 3115 456 3127 -
475 3086 519 3154 Et,
536 3102 597 3141 cuin
609 3102 653 3141 rc-

58 3155 198 3210 cnbntsset
216 3158 315 3212 iteinin
330 3157 366 3212 ad
390 3171 501 3214 omnam
521 3155 654 3228 Corporis

58 3224 104 3281 sui
120 3225 291 3296 taciendam,
307 3227 403 3285 docuit
425 3244 474 3284 eos
491 3243 579 3298 quare
599 3229 654 3285 hoc

57 3295 171 3364 iecerit,
197 3296 226 3354 in
252 3298 413 3371 exemplum
431 3298 539 3356 seilicet
554 3305 653 3357 mutuo

58 3367 115 3423 sihi
127 3368 281 3427 serviendi.
299 3371 379 3427 Unde
395 3372 471 3427 dicit
487 3374 526 3426 eis
544 3386 550 3426 :
567 3372 653 3428 Scitis

57 3439 137 3565 guid·
155 3442 269 3507 fecerim
286 3444 384 3498 nobis?
403 3443 432 3499 id
451 3448 494 3500 est
516 3447 652 3514 quantam

80 3510 251 3568 umilitatem
266 3513 442 3570 exhibuerim
459 3515 546 3571 vohis.
565 3516 653 3571 luter·

58 3587 259 3651 rogatorem
274 3590 397 3642 attentos
416 3587 525 3642 reddat.
542 3585 651 3643 Deinde

59 3666 109 3709 eos
131 3653 167 3709 ad
189 3653 358 3712 imitandum
382 3673 463 3713 suum
491 3657 650 3729 exemplum

59 3724 212 3795 confortat,
228 3726 269 3784 sic
284 3727 379 3784 dicens
395 3745 402 3783 :
421 3732 476 3786 Vos
490 3733 595 3784 uocatis
610 3745 651 3784 ine

713 509 829 637 prodest
855 506 1049 576 auditoribus,
1080 504 1153 565 sicut
1180 508 1248 567 tacit
1273 515 1302 567 et

735 581 827 639 aulus.
840 581 920 638 Unde
935 581 1108 649 Aoqnstinns
1126 599 1135 635 .·
1152 602 1166 632 u
1185 581 1301 655 Vitupe-

712 652 804 710 rahile
820 651 954 723 estquod
969 653 1088 734 quisque
1104 668 1135 709 se
1155 668 1300 711 commen·

712 725 771 794 det,
791 728 907 797 propter
931 723 1088 795 periculum
1105 724 1298 852 superbiendi.

712 798 782 852 Nam
800 794 988 868 periculosum
1004 798 1048 851 est
1058 794 1139 868 sihip
1151 795 1300 867 acere,cui

711 867 868 924 carendum
894 873 938 923 est
967 865 1125 938 superbire.
1154 868 1205 926 Ubi
1231 886 1245 925 e
1282 884 1299 926 o

712 955 770 995 non
783 938 914 996 imminet
928 937 1085 1011 perieulum
1104 941 1256 1011 superbien
1279 940 1299 1012 ⁸,

711 1026 768 1067 non
783 1015 826 1067 est
840 1012 1010 1082 vituperium
1024 1009 1141 1081 propria
1154 1026 1300 1069 commen·

710 1081 797 1139 datio.
816 1084 846 1138 ln
872 1083 982 1140 Christo
997 1085 1093 1138 autem
1119 1082 1172 1140 hoe
1186 1083 1299 1156 pericu-

710 1153 768 1210 lum
782 1169 840 1210 non
852 1153 1024 1211 timebatur:
1038 1152 1085 1209 ille
1098 1153 1175 1211 enim
1190 1154 1239 1226 qui
1255 1172 1302 1212 su-

729 1242 761 1282 er
783 1227 881 1282 omnia
910 1229 963 1295 est,
990 1230 1252 1298 quantumcumque
1269 1243 1300 1286 se

709 1241 816 1366 faudes,
833 1313 891 1353 non
906 1314 936 1354 se
951 1297 1060 1378 extpilit
1072 1299 1206 1355 excelsus.
1217 1301 1299 1370 item,

710 1369 776 1440 quia
802 1368 955 1440 aliquando
982 1368 1124 1425 laudabile
1153 1376 1196 1427 est
1244 1371 1300 1429 uod

709 1441 795 1497 honio
811 1456 841 1496 se
854 1440 1044 1511 commendet,
1060 1440 1175 1523 quondo
1189 1387 1301 1499 suflicet

709 1511 784 1568 cedit
810 1512 846 1568 ad
867 1511 1019 1569 utilitatem
1050 1512 1189 1583 fidelium,
1212 1519 1241 1571 et
1258 1513 1299 1570 sic

709 1583 860 1656 Apostolus
876 1582 1134 1641 commendaritsc.
1146 1585 1201 1643 Sed
1216 1586 1299 1643 valde

709 1661 753 1712 est
767 1653 848 1712 nohis
861 1655 928 1712 utile
942 1660 971 1712 et
980 1655 1173 1712 necessarium
1184 1661 1215 1714 ut
1228 1673 1297 1729 cog·

709 1742 859 1784 noscamus
886 1729 985 1796 ileum,
1008 1727 1084 1784 unde
1107 1728 1220 1800 expedit
1247 1745 1298 1785 no·

710 1800 753 1855 his
772 1798 848 1870 quod
872 1797 1098 1871 magnitudinem
1119 1815 1200 1857 suam
1215 1799 1299 1858 nobis

708 1873 824 1938 revelet,
840 1875 869 1925 et
889 1870 951 1926 ideo
967 1875 1079 1940 oportet
1099 1871 1176 1940 quod
1188 1871 1248 1943 ipse
1267 1887 1299 1930 sc

709 1939 791 1997 nohis
805 1939 913 1996 laudet.
940 1942 1002 1997 Non
1026 1945 1068 1996 est
1086 1939 1174 2013 igitur
1191 1941 1297 2001 veritas

709 2009 879 2083 quandoque
898 2011 1019 2068 tacenda
1058 2027 1090 2067 ro
1111 2010 1227 2070 vitanda
1244 2015 1296 2084 J'a-

710 2081 825 2139 ctantia.
843 2102 857 2136 n
873 2084 955 2139 Unde
976 2088 1005 2139 et
1067 2086 1199 2151 oportue:
1220 2087 1296 2142 «lii-

709 2154 783 2211 canti
802 2163 867 2210 sunt
884 2153 1016 2224 humiles,
1038 2154 1086 2228 qui
1104 2170 1134 2211 se
1150 2156 1299 2215 mendacio

708 2225 877 2298 illaqueant,
894 2227 961 2283 dum
978 2226 1172 2300 arrogantiam
1186 2226 1298 2298 ritant;

709 2297 843 2370 quoniam
859 2304 958 2355 contra
968 2297 1117 2355 veritatem
1132 2315 1163 2356 sc
1175 2299 1299 2373 erigunt,

709 2384 794 2442 quam
816 2368 992 2441 relinquunt.
1007 2371 1059 2438 Qui
1073 2369 1161 2439 enini,
1175 2373 1298 2430 necessi·

709 2447 767 2497 tate
782 2448 913 2512 cogente,
928 2458 995 2498 vera
1016 2444 1052 2499 de
1069 2458 1100 2499 se
1114 2443 1190 2499 bona
1204 2443 1297 2516 loqui·

709 2518 765 2581 tur,
780 2517 860 2568 tanto
874 2512 964 2583 magis
982 2512 1133 2569 humilitati
1156 2514 1297 2587 jungitur,

709 2591 817 2654 quanto
832 2583 943 2639 veritati
958 2583 1092 2641 sociatur.
1113 2603 1128 2634 n
1151 2586 1229 2642 Tunc
1250 2604 1299 2644 ai·-

708 2653 769 2781 quit
787 2653 916 2710 Christus
932 2670 950 2710 a
973 2654 1089 2712 minori:
1110 2654 1143 2712 Si
1159 2671 1222 2725 erpo
1248 2675 1296 2729 epo

717 2729 769 2781 uni
775 2726 857 2797 pedes
867 2732 969 2782 nestros
977 2730 1108 2783 Dominus
1117 2730 1143 2781 et
1151 2728 1297 2797 Moqister,

710 2798 815 2868 dequo
830 2799 923 2854 miuus
938 2796 1057 2868 videtur,
1071 2806 1100 2855 et
1114 2799 1298 2869 quodminus

710 2874 773 2925 erat
787 2869 914 2926 debitum
924 2886 931 2938 ;
943 2875 968 2926 et
986 2886 1043 2940 vos,
1063 2869 1171 2927 scilicet
1183 2872 1239 2929 mei
1255 2873 1298 2931 di·

711 2940 811 3012 scipuli
828 2944 917 2998 multo
928 2941 1030 2999 lortius
1043 2943 1146 2998 dedetis
1159 2943 1213 3000 hoc
1224 2944 1300 3003 scili·

711 3018 755 3069 cet
779 3028 857 3068 erem
881 3013 907 3069 lo
927 3013 1073 3084 provocati
1091 3016 1163 3070 alter
1181 3018 1297 3074 alterins

711 3085 805 3139 lucore
816 3028 918 3155 petias,
935 3085 1011 3140 etad
1028 3102 1113 3144 omne
1128 3084 1298 3159 obsequium

710 3154 852 3211 humiliori
871 3173 877 3211 :
895 3155 962 3227 quio
976 3155 1110 3228 Magister
1123 3172 1297 3229 sum,meom

710 3226 867 3283 doctrinam
885 3225 1017 3298 recipite3
1032 3230 1138 3302 etqnia
1149 3231 1297 3305 Dominus,

709 3313 804 3354 meum
821 3298 985 3380 mandatum
1001 3302 1151 3361 custodite.
1175 3303 1226 3361 Mic
1246 3320 1298 3379 pei

708 3386 795 3426 unum
819 3371 987 3441 obsequium
1002 3373 1181 3446 accipiuntur
1195 3392 1296 3449 synec-

707 3440 826 3498 dochice
845 3440 942 3524 emnia
960 3442 1017 3500 alio
1036 3449 1174 3518 obsequia
1193 3448 1295 3506 irater·

707 3529 753 3568 na.
769 3514 854 3581 Quasi
868 3515 976 3595 diceret
992 3533 999 3572 ε
1016 3519 1131 3577 Debetis
1141 3520 1221 3577 vobis
1235 3536 1295 3578 mu·

707 3589 756 3642 tun
771 3587 910 3657 obsequia
933 3588 1102 3647 humilitatis
1121 3599 1150 3648 et
1166 3591 1294 3650 caritatis

705 3656 851 3723 exhibere,
867 3656 976 3714 seilicet
990 3660 1110 3718 invicem
1121 3662 1294 3734 ministrare,

705 3727 1294 3803 inviceminjuriasdimittere,proinricem

59 3797 196 3865 Maptster
224 3804 252 3854 et
274 3803 397 3868 Domine,
413 3805 438 3855 et
460 3800 524 3855 hene
544 3801 649 3865 dicitis,
705 3815 797 3855 orare.
816 3800 894 3854 Unde
909 3801 1113 3870 Ghrpsostomns
1134 3821 1141 3860 :
1163 3825 1177 3857 u
1192 3806 1253 3861 Non
1265 3805 1294 3863 iii

59 3882 128 3939 quia
140 3885 237 3927 rerum
251 3878 294 3928 est
309 3872 384 3942 quod
404 3870 508 3940 dicitis,
522 3888 583 3927 snm
596 3877 650 3926 ete·
704 3868 825 3925 lavando
842 3870 927 3940 podes
941 3873 1015 3928 hanc
1029 3874 1120 3945 legem
1134 3874 1233 3933 scribit
1246 3893 1294 3933 so·

58 3941 128 4020 nim,
142 3939 278 4022 Magister
297 3949 326 3999 et
341 3941 486 4012 Dominus,
512 3944 579 4014 quia
599 3939 650 3998 Dei
707 3940 862 4011 lummodo,
883 3943 933 3999 sed
957 3951 986 3999 et
1007 3943 1037 4001 in
1061 3944 1125 4002 aliis
1147 3947 1295 4018 omnihus,

60 4018 161 4091 virtus,
181 4015 265 4070 simul
286 4013 335 4070 Dei
354 4020 383 4071 et
401 4013 542 4086 sapientia
562 4031 569 4070 :
590 4015 649 4071 Ma·
706 4012 1095 4084 quaecircanosmonstraiit.
1105 4038 1118 4068 n
1129 4021 1294 4092 Exemplum

59 4088 159 4153 grater,
184 4083 311 4156 inquam,
332 4091 448 4158 propter
469 4085 649 4156 sapientiam,
705 4089 778 4141 enim
791 4087 856 4141 dedi
866 4087 993 4153 vobisut
1006 4090 1234 4158 quemadmodum
1245 4107 1294 4160 eqo

60 4155 650 4229 quaindoccovosipsos,etDomiuus,pro·
705 4159 761 4224 feci
775 4158 867 4238 nobis,
877 4156 1055 4239 humiliando
1071 4175 1116 4218 me
1131 4160 1183 4218 sub
1199 4162 1292 4232 vobis;

60 4230 125 4296 pter
148 4229 317 4297 potentiam.
344 4245 430 4301 qnam
459 4229 576 4286 ostendo
601 4227 651 4285 mi·
705 4232 747 4284 ito
760 4234 786 4285 et
799 4244 845 4284 vos
860 4228 1011 4287 interiores
1024 4233 1139 4300 societis
1154 4233 1232 4291 vobis
1246 4234 1295 4291 in·

60 4296 176 4354 reculis.
194 4299 265 4367 Quia
276 4316 343 4356 vero
358 4300 428 4357 dicit
442 4317 545 4373 inagna
558 4300 593 4359 de
609 4317 650 4371 se,
705 4298 807 4369 ricem,
819 4305 848 4356 et
859 4299 980 4358 maxime
990 4300 1096 4361 incasu
1106 4303 1292 4363 necessitatis.

60 4382 120 4430 tion
136 4374 181 4427 est
196 4371 372 4443 arrogantia,
388 4372 438 4431 sed
453 4373 569 4444 veritas,
585 4388 650 4447 quae
706 4370 791 4439 Quasi
819 4369 929 4430 diceret
945 4389 953 4429 r
976 4374 1040 4433 Mon
1051 4376 1143 4434 solnm
1162 4378 1214 4434 hoc
1242 4375 1298 4442 teci
