2820 4928
151 398 196 454 100
511 387 659 443 SECUNDAE
686 386 810 442 llnrls
839 386 942 441 CAPUT
969 386 1014 440 ΧΥ

144 506 238 576 potest
251 501 288 557 ab
302 497 366 556 aliis
385 491 571 551 mendicando
586 490 722 573 impetra·
775 492 854 549 ribus
869 491 984 548 efficere
999 506 1056 546 non
1083 490 1193 563 potuit.
1215 494 1252 550 Et
1272 492 1295 549 si
1311 510 1364 550 rur

141 590 183 637 re.
199 570 267 644 quia
278 586 335 626 uon
345 566 457 624 dabitur
467 565 502 622 ei.
513 563 601 635 Hujus
611 579 723 636 signum
775 580 823 621 sus
838 579 921 621 orare
939 559 1094 629 erubescit,
1109 569 1141 620 ut
1166 569 1215 620 ote
1232 565 1304 637 quia
1323 581 1363 621 ne

139 648 205 701 suut
232 641 357 713 virgines
384 639 482 704 latuae,
509 651 572 707 quae
594 640 723 707 petentes
776 635 939 701 scit,dicens
954 632 1129 706 quemadmo
1156 651 1208 692 um
1222 635 1365 693 ethicvii

139 716 267 773 oleuma
289 708 477 785 prudentibus
499 711 564 763 sunt
582 706 722 777 expulsae3
776 707 848 763 licus
868 707 981 763 dicebat
1007 721 1014 760 ε
1039 705 1209 762 Mendicore
1235 708 1365 771 erubesco,

140 786 191 843 sod
205 801 256 841 nec
271 783 351 840 dives
371 780 454 852 epulo
479 777 645 835 mendicans
659 784 724 850 gut·
776 778 823 850 qui
849 776 926 834 enim
947 780 1021 845 oret,
1038 776 1202 842 mendicat,
1226 778 1301 851 quia
1314 779 1365 835 sul·

141 863 201 914 tam
227 871 309 928 aqure
347 852 452 910 meruit
490 848 629 920 recipere.
661 852 724 906 Seio
776 849 900 933 fragium
915 848 994 921 petit,
1007 853 1074 903 tunc
1087 856 1170 905 certe
1184 851 1258 913 {non
1276 854 1366 919 restat,

141 929 212 1000 quid
227 930 342 995 sociam,
360 924 427 996 quia
442 921 550 978 scilicet
568 926 724 992 antequam
778 921 833 978 nisi
844 927 874 976 ut
888 919 1035 1001 provideat
1050 918 1104 976 sibi
1124 919 1229 978 taliter
1245 921 1366 980 debonis

141 1001 227 1057 tollar
238 1014 290 1072 per
308 994 478 1054 sententiam
494 990 593 1048 mortis
618 991 723 1048 ovilli·
778 998 862 1049 terrae
875 991 949 1048 vvllre
967 989 1088 1059 Domini,
1104 991 1223 1048 scilicet
1240 993 1278 1051 de
1296 992 1368 1052 bonis

144 1071 267 1139 catione,
282 1067 380 1126 debita
394 1067 527 1122 relaxabo
547 1063 725 1120 debitoribus
779 1063 984 1135 temporalibus
999 1062 1205 1135 eleemosynas
1216 1065 1369 1137 largiendo,

144 1142 252 1200 domini
266 1140 332 1209 mei,
348 1144 375 1197 et
388 1137 559 1195 distribuam
574 1134 616 1192 eis
632 1135 666 1191 de
683 1135 725 1192 la·
780 1136 856 1207 quod
876 1133 942 1191 talis
956 1133 1135 1205 dispensatio
1160 1151 1287 1194 omnem
1303 1137 1369 1194 deie-

143 1214 296 1273 cultatibus
308 1213 397 1284 ipsius
411 1227 418 1280 ;
434 1215 464 1265 ut
475 1224 536 1264 eum
550 1215 656 1262 amotus
668 1209 728 1275 toe-
781 1213 857 1263 ctum
869 1210 982 1263 excuset
997 1204 1127 1276 eorporis
1151 1212 1181 1264 et
1201 1208 1320 1266 anima.
1332 1210 1371 1265 te·

142 1304 201 1344 roo
212 1286 393 1351 villicatione,
408 1280 516 1337 scilicet
533 1294 581 1349 per
595 1283 726 1345 mortem,
779 1277 892 1350 Junium
908 1276 996 1341 enim,
1019 1276 1094 1347 quod
1120 1277 1282 1337 distribuit
1307 1282 1370 1338 bons

142 1362 279 1430 recipiant
305 1373 347 1411 me
372 1358 403 1410 io
431 1354 524 1408 domos
544 1365 620 1415 suos,
635 1347 664 1405 id
685 1354 728 1406 est
782 1348 921 1421 corporis,
954 1354 982 1405 et
1003 1347 1106 1416 oratio,
1137 1366 1206 1420 quae
1238 1350 1371 1409 distribuit

142 1444 303 1504 percorum
319 1424 422 1483 merita
436 1428 465 1480 et
476 1419 614 1492 suffragia
630 1419 729 1492 recipi·
782 1423 859 1479 bona
872 1420 987 1485 animae,
1003 1424 1089 1492 atquo
1102 1420 1309 1494 eleemosyna,
1320 1438 1370 1495 qua

143 1517 177 1559 ar
200 1500 230 1556 in
246 1500 302 1555 vita
329 1499 424 1561 beata,
445 1509 480 1549 ne
508 1506 594 1573 cogar
618 1491 727 1557 fodere,
782 1491 928 1549 distribuit
957 1493 1032 1548 bone
1060 1492 1176 1561 mundi,
1207 1502 1280 1552 sunt
1298 1508 1371 1567 opera

143 1577 192 1629 aut
216 1568 379 1627 mendicare
392 1566 517 1627 trustra:
538 1570 566 1619 et
583 1578 612 1619 m
627 1562 729 1620 domos
783 1562 885 1636 quibus
901 1563 1023 1619 habetur
1038 1561 1096 1618 vita
1115 1569 1245 1622 aeterna.

142 1642 301 1717 pluraliter,
315 1643 432 1712 propter
446 1633 641 1692 diversitatem
654 1650 728 1706 prae·
819 1641 834 1691 5
858 1636 917 1703 Quo
940 1652 1024 1689 sessu
1045 1651 1193 1692 nnuoarun
1231 1655 1370 1695 vraooavru

144 1712 267 1772 mierum
284 1729 291 1767 :
308 1708 377 1783 quia
392 1706 432 1765 ibi
455 1709 611 1763 mensiones
636 1708 730 1762 multa
782 1723 879 1762 vvnnrcr
903 1723 935 1761 er
956 1722 1084 1762 nitrosos
1110 1724 1200 1764 nurus
1227 1727 1370 1767 sactu.-

143 1791 217 1842 suot.
235 1787 267 1841 ln
282 1784 334 1839 bas
350 1782 450 1837 domos
466 1778 560 1834 nullus
579 1781 673 1849 potest
684 1776 728 1835 in·
782 1776 952 1835 Convocatis
974 1777 1071 1849 itaque
1102 1777 1245 1850 singulis,
1263 1781 1369 1838 seorsim

144 1853 303 1930 gredinisi
341 1869 373 1910 er
387 1851 492 1909 ostium
512 1848 727 1931 misericordia,
783 1849 827 1906 bis
840 1851 876 1906 ab
895 1848 962 1916 illis,
982 1848 1165 1907 debitoribus
1179 1850 1298 1910 domini
1322 1851 1368 1920 sui,

144 1928 188 1986 vel
203 1871 370 2012 spirituaiis,
388 1924 431 1981 vel
444 1922 619 1993 corporalrs;
636 1937 665 1977 m
679 1937 727 1977 cu·
783 1920 853 1993 quie
867 1919 994 2002 religiosi
1011 1925 1039 1976 et
1054 1936 1204 1992 pauperes
1220 1930 1368 1996 quantun·

142 2001 190 2075 jus
203 2014 319 2073 signum
335 1998 470 2056 salomon
479 1993 509 2049 in
522 1993 651 2065 ingressu
665 2008 729 2048 san·
783 2008 905 2063 eumque
921 1990 1001 2062 Justi,
1015 1996 1081 2047 sunt
1094 1991 1252 2052 debitores
1267 1995 1325 2064 Dei,
1337 1995 1368 2050 le

145 2072 183 2130 cti
202 2076 378 2138 sanctorum,
394 2065 460 2123 lecit
475 2065 532 2121 duo
561 2063 665 2121 ostiola
693 2063 729 2120 de
783 2064 822 2119 cit
834 2063 910 2120 circa
923 2078 973 2119 eos
986 2062 1224 2123 misericordiam
1241 2067 1278 2123 de
1298 2064 1368 2125 bonis

144 2143 229 2215 lignis
243 2142 400 2207 olivarum;
414 2137 572 2210 pereleum
588 2134 664 2191 enim
679 2136 730 2191 mi·
783 2140 839 2191 tem
862 2133 990 2191 oralibus
1009 2133 1061 2191 sibi
1077 2134 1198 2192 traditis
1205 2139 1248 2195 ad
1264 2138 1366 2209 dispen-

147 2212 304 2269 scricordia
328 2208 506 2279 designatur.
534 2207 617 2271 Nota,
650 2206 728 2277 quod
783 2151 916 2274 sancium,
937 2207 1007 2287 dans
1026 2204 1095 2287 ipsis
1121 2207 1226 2265 oleum
1255 2215 1283 2266 et
1304 2206 1364 2265 triti·

147 2283 311 2340 mansiones
327 2281 459 2337 coelestes
480 2282 547 2334 sunt
560 2291 728 2349 pauperum,
783 2294 847 2335 cum
865 2279 1071 2335 subventionis.
1091 2277 1136 2334 Ad
1152 2279 1212 2335 boc
1230 2297 1301 2351 ergo
1313 2286 1364 2337 ten·

147 2353 215 2428 quia
229 2352 285 2410 illis
299 2353 448 2408 dataesunt
462 2365 469 2418 ;
485 2363 641 2420 pauperum
652 2348 729 2405 enim
783 2349 825 2405 dit
840 2348 895 2405 iste
920 2348 1067 2421 parabola,
1087 2354 1120 2404 ut
1139 2348 1221 2407 sicut
1243 2352 1320 2409 dedit
1336 2350 1363 2406 de

146 2430 249 2509 spiritu
272 2429 316 2481 est
335 2435 453 2494 regnum
477 2419 625 2477 coelorum.
650 2420 729 2477 Unde
756 2445 760 2452 =
784 2419 865 2477 bonis
880 2419 987 2476 domini
1003 2419 1098 2476 oleum
1114 2426 1144 2477 et
1167 2422 1315 2492 triticum
1333 2419 1365 2477 sic

145 2514 170 2556 sv
186 2495 289 2554 divites
303 2494 372 2551 illud
388 2494 494 2549 habere
519 2492 627 2559 volunt,
644 2508 727 2563 opor·
783 2498 812 2549 et
827 2508 878 2548 nos
893 2491 994 2548 demus
1017 2491 1197 2573 pauperibus
1225 2494 1263 2552 de
1294 2490 1366 2551 bonis

145 2575 188 2627 tet
201 2575 233 2626 ut
251 2583 269 2624 a
292 2564 466 2640 pauperibus
490 2566 604 2631 emant;
625 2562 729 2620 divites
783 2565 871 2619 abeo
886 2562 969 2619 nobis
983 2563 1106 2630 traditis,
1124 2563 1226 2622 oleum
1244 2578 1365 2637 compos·

145 2640 223 2698 enim
241 2641 348 2696 babent
362 2636 462 2693 domos
474 2634 504 2691 in
516 2640 604 2703 terra,
622 2650 727 2707 paupe·
783 2633 873 2690 sionis
887 2632 1044 2703 interioris,
1063 2640 1091 2690 el
1105 2633 1242 2695 triticum
1256 2638 1366 2695 subven-

144 2728 192 2770 res
210 2714 239 2768 in
264 2710 350 2777 coelo;
376 2707 500 2764 libenter
524 2721 594 2776 ergo
624 2705 729 2762 divites
783 2705 867 2761 tionis
882 2704 1039 2773 exterioris,
1053 2706 1280 2776 quiabonorum
1296 2704 1367 2764 nobis

144 2782 283 2855 recipiant
297 2795 439 2855 pauperes
453 2777 483 2834 in
502 2777 604 2834 domos
616 2792 682 2833 suas
697 2777 728 2833 in
784 2777 928 2845 datorum,
948 2792 1006 2833 non
1035 2776 1156 2845 domiui,
1181 2779 1236 2836 sed
1263 2783 1366 2836 tantun

143 2861 232 2920 terra,
254 2860 285 2912 ut
311 2868 329 2911 e
352 2849 527 2925 pauperibus
555 2846 730 2921 recipiantur
783 2848 998 2921 dispensatores
1016 2864 1124 2906 sumus.
1141 2851 1174 2905 ln
1196 2851 1254 2909 hoc
1280 2856 1366 2908 auten

145 2927 176 2985 in
188 2928 270 2985 coelo.
284 2924 363 2983 Unde
373 2924 550 2993 depastione
569 2936 608 2977 :n
629 2921 729 2977 Praebe
785 2919 860 2990 quod
874 2920 937 2992 plus
955 2918 1034 2977 dedit
1052 2920 1088 2976 de
1116 2920 1195 2990 oleo,
1226 2938 1312 2995 quam
1335 2919 1366 2977 de

146 3006 264 3068 terram,
282 3002 310 3055 et
326 2994 423 3067 accipe
434 2994 548 3051 coelum.
569 3011 584 3043 n
784 2990 889 3060 tritico,
903 2990 1170 3063 significaturquod
1200 2994 1265 3065 plus
1288 2994 1366 3051 debe·

182 3077 198 3140 l,
224 3072 347 3127 Faucrus
373 3082 502 3123 verrucis
533 3079 619 3119 arnna
650 3079 730 3120 soors
785 3078 848 3120 mus
863 3061 1211 3135 compatialsectu,ouam
1224 3078 1368 3138 possumus

146 3159 292 3199 corruisse.
309 3170 343 3181 -
356 3136 408 3195 Ubi
423 3135 663 3193 considerandum
674 3138 729 3202 est,
785 3134 936 3191 subvenire
963 3134 1077 3190 ellectu.
1105 3136 1142 3190 Et
1170 3137 1305 3193 madebit
1327 3134 1368 3191 de

147 3213 234 3286 quod,
249 3215 381 3282 utsupra
395 3206 566 3275 dictumest,
585 3213 643 3262 tres
658 3205 731 3262 villas
785 3208 876 3260 minus
892 3204 989 3274 villici,
1002 3221 1059 3262 non
1076 3204 1217 3264 Dominus
1230 3206 1363 3269 omnium.

149 3281 309 3341 commisse
337 3284 403 3336 sunt
432 3276 553 3345 homini,
580 3276 687 3333 scilicet
720 3293 727 3332 :
784 3278 909 3333 villicum
930 3279 1101 3348 iniquitatis,
1128 3275 1225 3335 idest
1249 3278 1366 3336 villico!

148 3353 284 3421 mundus,
300 3366 403 3423 corpus
430 3355 459 3406 et
480 3346 587 3411 anima,
607 3363 729 3419 quorum
784 3347 913 3419 iniquum
925 3352 1007 3419 3qur'o
1016 3348 1165 3419 prudenter
1179 3352 1363 3420 fecissetmoo

148 3426 256 3482 fructus
269 3423 353 3479 debet
366 3420 533 3493 dispensare
545 3418 581 3475 ad
592 3419 729 3476 honorem
785 3419 862 3491 quod
899 3419 1034 3476 adversus
1069 3434 1134 3477 eum
1160 3419 1365 3485 fraudulenter,

148 3496 208 3555 Dei.
222 3496 331 3567 Corpus
342 3506 464 3564 namque
478 3506 561 3547 suum
572 3489 657 3547 debet
671 3490 727 3548 dis·
784 3491 834 3548 sed
848 3506 900 3573 pro
916 3506 947 3547 se
961 3491 1127 3574 prudenter,
1136 3493 1300 3551 secundum
1310 3506 1366 3565 pru·

148 3568 274 3626 tribuere
292 3562 420 3638 jejuniis,
439 3561 544 3635 vigiliis
571 3568 601 3619 et
626 3561 730 3619 ceteris
783 3562 909 3619 dentiam
922 3563 1006 3644 huJus
1020 3560 1289 3624 seculimontamen
1302 3565 1367 3621 bene

146 3638 351 3709 laboribuspro
362 3638 418 3693 beo
430 3636 600 3762 msumfltis;
618 3638 646 3691 et
660 3640 729 3690 tuuc
782 3633 826 3690 vel
842 3632 989 3690 meritone
1003 3632 1118 3705 egisset.
1132 3634 1196 3691 Non
1217 3635 1298 3693 enirn
1311 3635 1364 3691 lau·

143 3711 262 3780 sanitas,
273 3706 408 3765 tortitudo
425 3715 451 3762 et
465 3706 527 3778 pulc
550 3706 654 3774 ritudo,
665 3721 729 3777 quas
783 3704 861 3762 davit
877 3720 942 3762 eum
957 3705 992 3761 de
1009 3704 1108 3761 fraude
1127 3720 1216 3787 quam
1230 3707 1308 3774 lecit,
1322 3702 1366 3763 sed

142 3790 210 3841 sunt
242 3783 319 3839 bona
346 3777 485 3852 corporis,
510 3777 617 3850 optime
642 3780 729 3832 erunt
783 3776 819 3833 de
838 3776 1031 3848 prudentiaet
1049 3778 1245 3850 ingenioque
1265 3777 1319 3836 sibi
1341 3776 1366 3831 in

141 3856 317 3930 dispensata.
335 3850 364 3909 Si
378 3865 446 3905 vero
468 3849 596 3921 corporis
613 3848 728 3904 labores
783 3846 908 3905 futurum
923 3847 1067 3920 prospexit
1078 3864 1085 3915 ;
1098 3856 1141 3903 est
1161 3864 1291 3921 namque
1304 3863 1365 3921 pru·

140 3927 283 3987 sustinere
302 3919 728 3993 nonpossit,dicenscumvil-
782 3918 880 3975 dentia
907 3920 1039 3990 quaedam
1070 3917 1123 3975 sibi
1157 3918 1191 3976 in
1227 3926 1367 3993 posterum

144 4001 198 4057 lico
215 4016 222 4054 :
240 3998 343 4055 Fodere
361 4010 416 4050 ooo
430 3994 519 4060 oeteo,
535 3990 637 4047 sallem
653 3992 728 4047 bona
782 3990 972 4064 providentia.
990 3992 1037 4048 Sic
1054 3988 1155 4046 divites
1169 3991 1261 4063 hujus
1275 3987 1366 4048 mundi

143 4072 258 4140 animae,
273 4086 336 4142 quae
353 4070 419 4123 sunt
439 4078 531 4132 amor,
551 4061 674 4133 cognitio
700 4067 728 4118 et
782 4078 838 4118 non
854 4069 921 4118 sunt
931 4060 1090 4118 laudabiles
1099 4062 1136 4117 de
1153 4062 1325 4136 deceptione
1339 4060 1365 4116 in

145 4141 295 4209 momoria,
314 4140 355 4196 ita
365 4135 518 4194 distribuat
531 4133 653 4203 orando,
668 4148 727 4189 me·
781 4132 888 4189 illicitis
916 4132 1046 4201 actibus;
1078 4132 1128 4190 sed
1148 4134 1185 4191 de
1212 4136 1268 4191 boc
1295 4129 1365 4206 quod

146 4213 262 4271 ditando
278 4212 314 4269 de
331 4213 404 4283 Lego
432 4204 555 4275 Domini,
569 4211 598 4262 ct
611 4210 728 4287 cunctos
781 4204 936 4334 prudenter
958 4221 990 4262 se
1013 4208 1185 4287 convertunt
1210 4206 1247 4264 ad
1277 4202 1364 4263 distri·

145 4286 232 4344 stiam
245 4282 377 4340 inimicos
390 4279 525 4343 amando,
543 4281 575 4334 ut
590 4283 727 4334 oratiom-
802 4276 924 4333 uendum
948 4277 1024 4335 bona
1045 4293 1076 4333 m
1098 4292 1153 4349 pus
1174 4276 1321 4350 operibus,
1339 4279 1366 4331 ut

146 4356 201 4415 bus
218 4352 273 4414 tibi
289 4355 533 4427 recompensetur,
550 4348 627 4425 quod
646 4348 726 4407 labo·
781 4362 834 4422 per
849 4348 904 4406 boe
917 4347 1089 4422 provideant
1102 4347 1158 4409 sibi
1183 4347 1214 4408 iu
1231 4348 1363 4415 tutumn,
