2820 4928
142 248 187 305 itt
480 254 640 308 SECUNDAE
668 254 786 310 ituris
813 251 919 306 CAPUT
948 250 1035 305 xtut

139 360 224 427 bant:
237 361 265 416 et
274 356 374 415 adhoc
383 356 547 416 laciendum
556 360 724 427 cottcperuat

140 431 296 492 concilium,
314 429 433 511 sabbato
447 447 511 487 mox
525 431 665 515 sequenti,
678 433 726 490 ed·

141 518 242 560 rersns
255 504 361 570 Jesum,
372 508 505 559 timentes
515 502 539 559 si
552 503 726 561 ‹hmitterent

143 591 209 632 cum
220 574 259 630 sic
273 572 413 630 viventem
422 580 449 630 et
458 574 616 646 signatalia
625 577 728 633 lacien-

69 662 73 671 ·
142 650 212 713 tem,
226 661 277 717 por
292 646 384 716 ipsum
402 646 533 703 amittere
549 657 577 703 et
591 647 683 704 iocum
700 653 728 703 ct

143 723 269 789 gentem,
290 717 420 788 eoquod
446 718 538 774 omnis
563 721 647 777 turbe
666 727 729 802 post

143 804 209 846 eum
235 790 306 855 iret,
330 788 413 859 eique
440 790 588 857 crederet;
613 798 642 846 et
667 807 729 863 ipsa

144 876 226 917 sacra
247 875 346 916 eorum
362 876 436 917 raim
458 867 487 918 et
505 862 647 919 abolendo
666 878 728 920 esse

145 932 270 988 doceret.
292 933 425 988 Dicebant
448 932 524 989 enim
544 950 551 989 :
568 936 642 1001 Qout
654 937 727 1002 soci·

144 1019 216 1070 iiius,
225 1006 293 1074 quio
307 1005 351 1059 bic
362 1005 440 1059 homo
452 1007 540 1060 mutto
551 1009 632 1074 siene
641 1009 730 1074 feeit?

143 1076 176 1133 Si
185 1076 353 1131 dimittimus
371 1092 432 1131 eum
449 1079 500 1145 sic,
515 1093 606 1133 omues
620 1079 730 1134 crederit

144 1150 175 1203 iii
197 1164 266 1203 eum.
284 1146 443 1204 Concilium
459 1164 475 1204 a
495 1148 672 1206 conciliando
687 1153 731 1205 est

145 1218 264 1286 dietum,
280 1218 348 1291 quia
363 1219 504 1277 conciliati
521 1229 548 1277 et
566 1220 730 1293 congregati

145 1298 227 1349 erant
242 1291 269 1347 in
285 1307 373 1347 uuum
384 1293 490 1348 malum
503 1309 685 1351 consensum.
698 1294 731 1349 Et

146 1364 201 1420 hoc
228 1368 290 1419 erat
319 1363 441 1435 primum
467 1364 634 1433 concilium,
655 1364 731 1436 qnod

145 1435 309 1492 habuerunt
327 1440 426 1490 contra
440 1436 547 1491 besum.
566 1436 648 1491 Prius
664 1435 732 1508 qui-

148 1507 213 1563 dem
224 1506 390 1578 quaerebant
400 1522 465 1561 eum
476 1506 647 1575 interlicere,
659 1523 732 1564 nune

148 1582 243 1634 nutem
271 1575 442 1633 sententiam
473 1577 675 1647 firmaverunt,
705 1585 733 1635 et

147 1646 733 1721 querentesconcilium,apertedemorte

148 1720 210 1791 ejus
244 1724 447 1777 tractaverunt.
481 1721 623 1777 lidebant
657 1720 733 1777 euim

148 1789 290 1849 Christum
310 1806 327 1847 e
348 1791 453 1862 populo
473 1796 617 1863 tamquam
636 1808 733 1863 regem

149 1861 295 1931 honorari,
310 1867 339 1919 et
357 1862 426 1934 quia
447 1864 613 1922 mandatum
633 1867 733 1921 liema-

149 1950 250 1992 uorum
270 1940 343 2005 erat,
359 1941 391 1991 ut
416 1934 510 1992 nullus
535 1936 587 1992 nisi
612 1953 661 2008 per
684 1953 734 1993 eos

149 2008 268 2065 deberet
288 2024 336 2065 rex
361 2007 525 2065 nominari:
545 2009 639 2066 Omnis
662 2012 734 2064 enim

150 2083 200 2163 qui
208 2097 335 2149 serepem
344 2083 426 2149 (coit,
438 2082 603 2137 contradicit
616 2083 733 2147 Caesaris

149 2153 214 2209 ideo
229 2152 365 2209 timebant
378 2153 453 2223 quod
469 2154 492 2208 si
505 2151 649 2210 Christum
664 2160 733 2209 tam·

151 2238 236 2294 quam
251 2238 346 2294 regem
361 2223 510 2291 haberent,
521 2222 642 2279 Romani
656 2222 734 2295 ipsos

151 2292 272 2349 rebelles
294 2296 460 2364 reputarent
478 2311 486 2349 ι
501 2297 538 2349 Et
553 2298 662 2350 uenient
681 2298 734 2351 tto-

150 2367 228 2420 mum‘
246 2368 341 2420 contro
364 2379 422 2426 iios,
439 2370 474 2420 et
495 2366 591 2421 tollent
613 2372 735 2421 uestrum

152 2437 239 2491 locum
248 2434 355 2492 scilicet
363 2436 516 2505 civitatem,
524 2442 550 2493 et
559 2445 674 2506 pentem.
685 2437 735 2493 Vel

152 2506 293 2563 timebant
304 2505 444 2575 etiam,ne
454 2508 477 2564 si
489 2508 592 2566 Christi
606 2509 737 2566 doctrina

152 2580 330 2652 procederet,
339 2579 475 2651 templum
488 2586 516 2638 et
528 2581 660 2638 universa
673 2580 736 2637 reli-

151 2652 210 2721 gio,
219 2667 253 2707 ac
265 2657 424 2707 reverentia
434 2653 495 2725 ejus
504 2653 735 2725 vilipenderetur,

153 2729 181 2779 et
192 2723 299 2779 ludaeis
312 2722 416 2780 nullius
430 2728 564 2782 momenti
577 2725 693 2793 sierent3
708 2729 736 2780 et

153 2794 218 2852 ideo
235 2795 356 2852 Romani
368 2794 510 2853 civitatem
526 2796 567 2853 eis
581 2797 735 2864 auierrent,

152 2882 258 2940 eosque
274 2867 304 2923 in
323 2866 457 2925 seruitute
468 2868 673 2941 dispergerent.
686 2868 736 2924 Vel

153 2947 230 2997 certe
245 2939 393 3011 timebant,
408 2957 444 2998 ue
457 2942 480 2997 si
497 2957 596 2998 omnes
610 2940 638 2996 in
655 2939 736 2996 Chri-

153 3018 227 3069 stum
243 3013 401 3080 crederent,
413 3029 497 3070 nemo
513 3018 673 3070 remaneret
688 3010 736 3083 qui

153 3085 289 3141 adversus
320 3087 464 3141 Romanos
492 3085 634 3141 civitatem
665 3088 736 3140 tem-

153 3156 289 3238 plumque
299 3155 479 3223 detenderet;
492 3157 628 3227 quruiiam
640 3162 739 3213 curura

153 3242 246 3299 ipsum
259 3226 407 3352 templum,
418 3232 446 3282 et
458 3233 557 3285 eontra
567 3244 633 3283 suas
643 3232 737 3299 pater-

153 3314 205 3353 nas
220 3298 298 3369 leges
332 3298 470 3353 octrinam
484 3298 587 3355 Christi
599 3314 662 3354 esse
677 3315 739 3355 sen·

152 3368 271 3425 tiebant.
294 3369 446 3425 Pontifices
469 3374 498 3424 et
525 3368 659 3427 Pharisaei
684 3368 736 3425 sibi

154 3439 350 3508 consulebant,
361 3456 412 3495 noc
425 3446 521 3496 tamen
537 3440 653 3496 recedere
664 3441 738 3497 vole·

153 3509 233 3566 hant.
250 3509 317 3565 Plus
350 3510 456 3567 etenim
476 3510 578 3581 perditi
609 3510 738 3567 homiues

154 3580 315 3652 crigitahent
344 3583 486 3654 quomodo
513 3580 605 3650 alteri,
632 3582 738 3638 scilicet

780 365 843 431 post
856 355 969 414 Domini
983 354 1160 415 Passionem
1179 362 1211 415 et
1229 356 1358 431 glorifica·

780 428 1359 502 tionem,lulcruntcisiocumetgenten:

781 501 980 576 expugnando,
1004 501 1183 572 occidendo,
1205 508 1237 559 et
1252 500 1361 559 transle-

781 574 883 632 rende.
909 573 1092 645 Temporaha
1119 574 1252 646 perdere
1280 573 1362 629 timue

783 652 858 715 runt,
872 650 900 701 ot
915 650 1022 701 esterna
1042 662 1103 701 non
1120 647 1332 718 cogitaverunt,
1343 652 1363 699 et

783 720 823 775 sic
842 721 962 787 utraque
977 715 1152 774 amiserunt.
1170 719 1244 785 Qnae
1264 723 1295 773 ut
1310 715 1363 789 inp·

783 790 839 847 turi
852 794 981 860 egerunt.
1004 789 1064 845 haec
1080 791 1157 872 ipsa,
1191 789 1364 861 uiaegernnt,

784 878 841 920 non
857 861 1027 931 ellegerunt.
1042 861 1118 928 Quid
1133 877 1174 916 vo
1198 860 1224 916 is
1238 861 1366 935 profuiti

785 932 875 990 insoni
904 932 1005 1000 tudmi,
1032 932 1112 1003 quod
1145 936 1270 989 tantum
1295 931 1367 988 scetus

785 1003 988 1061 commisistis?
1007 1003 1253 1077 Numquid‚quia
1275 1004 1367 1061 Christo

786 1076 916 1143 thimino,
933 1079 965 1132 ut
982 1074 1089 1144 decuit,
1107 1075 1227 1133 servire
1245 1073 1367 1134 noluistis

787 1149 849 1205 ideo
862 1146 977 1203 domino
991 1146 1147 1205 caruistis?
1163 1150 1242 1204 Dum
1256 1146 1328 1204 cuim
1339 1144 1368 1201 riti

785 1219 911 1277 seruiunt
934 1234 1027 1290 reges,
1048 1218 1162 1290 quibus
1187 1236 1243 1276 ros
1267 1216 1369 1282 servitis,

786 1290 852 1348 iacti
867 1290 936 1346 estis
951 1289 1016 1346 mali
1032 1290 1109 1347 servi
1124 1291 1279 1348 bonorum
1292 1305 1369 1346 serio

787 1380 849 1420 rum
862 1360 974 1418 Christi.
989 1363 1044 1417 Per
1058 1378 1133 1435 quos
1145 1363 1280 1420 conterit
1292 1366 1370 1418 contii

787 1437 908 1493 maetam
933 1439 1070 1502 vestram,
1091 1449 1149 1507 per
1171 1434 1254 1507 ipsos
1272 1432 1371 1511 dissipat

788 1506 906 1564 consilia
924 1510 1033 1573 restra,
1057 1521 1110 1577 per
1142 1504 1228 1577 ipsos
1258 1504 1371 1562 retribuit

788 1579 895 1637 scelera
915 1583 1007 1633 restra
1029 1580 1060 1633 in
1080 1579 1185 1649 capita
1201 1584 1308 1635 restra.
1325 1579 1371 1655 hese

788 1656 882 1707 autem
902 1651 1052 1719 Dominus,
1073 1665 1168 1720 quem
1189 1650 1372 1712 interemishs,

789 1739 845 1778 non
863 1738 913 1777 ius
932 1737 1038 1788 servos,
1055 1719 1107 1776 sed
1131 1720 1249 1779 liberos
1263 1737 1323 1778 esse
1335 1734 1372 1775 eu·

788 1795 899 1866 piebat;
915 1792 1029 1863 quando
1041 1791 1166 1849 dicebat
1177 1795 1228 1851 :Si
1243 1810 1291 1850 iios
1303 1792 1374 1849 uiui

790 1867 958 1932 liberaverit,
972 1880 1032 1919 vere
1054 1864 1142 1920 liberi
1160 1868 1257 1921 eritis.
1273 1866 1326 1921 vos
1336 1877 1373 1918 an·

790 1942 848 1993 tem
859 1936 1011 1992 Dominum
1026 1936 1119 1991 Deum
1138 1938 1254 2009 Regem
1265 1935 1374 2008 etipsan

789 2024 886 2065 reram
909 2008 1069 2064 libertatem
1095 2022 1164 2064 non
1190 2008 1288 2065 solum
1309 2020 1374 2077 repr

790 2077 1095 2148 diastis,rerumetiam
1114 2095 1234 2152 negare
1248 2078 1375 2151 cupiente

791 2151 958 2208 clamastis:
977 2153 1035 2208 Nou
1055 2150 1198 2208 babemus
1215 2168 1315 2223 reperi,
1330 2148 1375 2205 iiiii

792 2226 932 2281 Caesarem.
949 2222 1106 2279 Considera
1122 2229 1200 2294 quot
1221 2228 1289 2281 sunt
1303 2218 1372 2279 hodie

792 2296 931 2364 homines,
955 2295 1040 2349 ctiam
1059 2291 1246 2365 religiosum
1264 2292 1371 2352 babituri

792 2372 944 2438 gestantes,
959 2364 1006 2436 qui
1022 2364 1146 2421 ludaeos
1161 2366 1297 2425 imitandi
1309 2370 1367 2419 ien-

791 2438 901 2511 poralia
919 2437 1039 2509 perdere
1057 2442 1214 2510 metuunt,
1238 2442 1265 2497 et
1281 2440 1367 2493 ctum

793 2528 849 2567 non
862 2510 1028 2574 attendunt3
1039 2507 1080 2563 sie
1094 2509 1180 2579 quod
1198 2516 1317 2583 utraque
1324 2518 1372 2585 uiti

791 2580 934 2638 immerito
948 2579 1094 2636 amittunt.
1114 2581 1193 2637 Sunt
1211 2578 1373 2657 enimpieri·

793 2669 848 2725 que
870 2653 956 2709 etiam
985 2652 1195 2723 religiosi,qui
1225 2648 1374 2723 temporum

792 2726 961 2796 quandoque
988 2721 1082 2778 minus
1108 2724 1194 2795 J'uste
1228 2730 1260 2782 et
1281 2721 1375 2801 oblique

792 2795 982 2867 acquirentes,
1000 2794 1042 2849 rel
1066 2794 1108 2849 sic
1135 2796 1286 2867 acquisita
1304 2806 1375 2869 posit

793 2872 903 2936 dentes,
915 2883 950 2923 ea
963 2865 1106 2923 dimittere
1123 2867 1291 2939 trepidant,
1301 2872 1327 2925 et
1335 2877 1374 2939 pri

793 2939 836 2997 his
856 2944 963 2997 aeterna
982 2937 1113 2994 amittere
1136 2955 1202 2997 non
1225 2937 1373 2999 formidant

794 3010 913 3083 Etonia
936 3026 1021 3078 nune,
1045 3012 1242 3069 eumJudaeis
1261 3008 1374 3069 tenebris

794 3083 917 3155 diligunt
946 3081 1113 3151 interiores,
1143 3082 1262 3141 scilicet
1289 3080 1373 3153 colpe,

794 3155 858 3212 ideo
872 3162 938 3210 tune
948 3170 1012 3209 euni
1024 3152 1065 3208 eis
1079 3154 1108 3207 in
1123 3156 1270 3211 tenebras
1280 3153 1373 3210 mittio

793 3234 841 3283 tur
853 3225 1015 3288 citeriores,
1025 3223 1134 3280 scilicet
1148 3227 1306 3295 gehennie.
1315 3218 1373 3280 ltel'r

794 3299 889 3371 giosus
912 3313 980 3353 ero
1005 3294 1135 3365 cupidus,
1157 3298 1208 3353 vet
1233 3294 1374 3366 sanescit

793 3314 993 3437 lamentabiiis,
1022 3366 1093 3448 quia·
1119 3368 1318 3449 miserabilior
1340 3366 1373 3443 est

794 3440 1004 3525 quodammodo
1018 3438 1151 3495 omnibus
1169 3445 1323 3507 creaturis,
1334 3450 1373 3491 sir

794 3516 860 3570 hcet
875 3528 975 3569 carens
990 3513 1047 3567 Deo
1063 3516 1091 3565 et
1105 3510 1230 3568 mundo.

831 3605 845 3641 2
866 3585 974 3640 Cures
991 3598 1151 3639 rnoruerm.
1174 3612 1212 3625 -
1229 3584 1308 3638 Tunc
1322 3578 1374 3637 θαί-

155 3653 279 3721 Christo,
290 3660 425 3710 nocerent
439 3661 470 3711 ut
483 3655 642 3724 perdurent,
653 3670 738 3725 ipram
790 3658 874 3729 phos,
895 3673 954 3712 eum
971 3660 1039 3711 esset
1059 3652 1191 3708 Pontifex
1214 3653 1372 3713 ouuiith'ui.

154 3724 736 3797 quomodosibieousulerentneperirent.
767 3698 770 3769 i

154 3796 303 3854 Timebani
318 3805 346 3853 et
361 3800 567 3855 consulebant:
583 3799 638 3855 Sed
652 3801 738 3870 trepi-

154 3871 290 3925 daverunt
309 3871 415 3938 timore,
431 3871 480 3925 ubi
495 3888 549 3926 riori
566 3875 625 3926 erat
643 3874 736 3926 timor.

155 3942 184 3999 Si
202 3941 277 3999 enim
293 3940 405 3997 Christo
425 3941 621 4011 credidissent,
636 3940 659 3997 si
674 3958 739 3999 eum

155 4030 212 4070 non
226 4011 406 4083 occidissent,
420 4029 473 4069 nee
486 4013 590 4082 locum,
604 4029 655 4069 nec
668 4029 738 4084 gen·

155 4091 211 4143 lem
233 4084 411 4153 amisissent;
433 4084 484 4142 sed
507 4083 574 4156 quia
597 4086 739 4142 Christum

154 4157 283 4214 occidere
296 4175 353 4215 non
369 4157 535 4227 timuerunt,
550 4161 579 4212 et
591 4156 696 4227 locum,
711 4163 740 4213 et

153 4237 267 4293 ¹rentem
278 4230 475 4302 perdiderunt.
489 4231 559 4285 Nam
573 4235 602 4283 et
617 4227 737 4285 Romani

794 3728 862 3799 quid
883 3727 924 3783 eis
944 3724 1105 3783 laciendum
1120 3729 1185 3780 erat
1205 3722 1374 3790 decrerit,et

795 3805 911 3871 propter
936 3799 1132 3855 auctoritatem
1159 3796 1252 3851 oflicii
1277 3794 1374 3852 locutus

795 3878 845 3942 est,
855 3876 883 3940 et
895 3871 970 3926 dicit
983 3873 1021 3925 eis
1035 3887 1042 3924 ι
1056 3868 1165 3934 ...Quia
1180 3868 1261 3923 uobis
1273 3865 1376 3939 expett

794 3947 824 3998 ut
836 3959 908 3998 uuus
922 3945 1010 4010 homo,
1021 3938 1130 3996 etiamsi
1145 3937 1239 3995 honus
1255 3947 1285 3996 et
1293 3940 1376 4015 justus¹

795 4020 880 4082 esset,
896 4031 946 4086 pro
961 4015 1062 4086 populo
1081 4014 1221 4065 morietur
1239 4016 1271 4067 et
1291 4007 1376 4083 populi

795 4088 1024 4153 consecratione,
1033 4089 1058 4139 et
1069 4098 1122 4137 nou
1132 4087 1192 4138 totu
1204 4098 1275 4151 peris
1281 4084 1378 4154 pereat,

795 4160 819 4214 si
843 4157 891 4213 ille
912 4159 941 4213 in
960 4158 1018 4212 rita
1041 4159 1170 4220 nraneat;
1186 4153 1258 4225 quia
1279 4155 1378 4211 bonum

795 4244 948 4285 commune
957 4227 1100 4299 magiscst
1110 4224 1291 4297 eligendum,
1301 4236 1379 4298 quam
