2820 4928
140 396 187 448 3⁶6
480 391 636 443 SECUNM
664 392 783 447 t‘atttts
811 392 914 446 CAPUT
943 389 1012 445 hili

141 497 251 555 ursonis
263 496 350 579 senis,
360 503 390 553 st
402 498 509 569 ioseph
520 499 617 569 sponsi
633 498 729 555 Marisa
759 528 762 591 Ι
786 488 997 570 singularitem
1013 498 1227 626 ptumusiesime
1238 502 1365 560 celebrata

137 567 273 641 Virginis,
292 569 463 640 interresset
487 570 584 624 hortm
602 572 631 624 tn
648 584 728 641 quem
786 576 814 628 et
828 574 903 628 taeta
917 584 979 627 cum
999 569 1149 642 dsciptttis
1167 571 1251 641 suis;
1271 575 1303 631 da
1321 590 1365 646 pu

141 643 270 698 uitiosus
285 643 343 711 ipss
355 645 381 696 st
396 641 529 711 discipuli
548 640 608 710 ejus
624 643 667 702 Et.
683 657 729 697 ue·
786 658 868 699 omna
892 647 920 698 et
938 641 975 698 tia
994 641 1195 699 sacratissimo
1215 644 1289 701 dono
1307 646 1365 702 Cor-

141 715 269 768 introivit
279 724 339 767 oum
352 714 412 767 iltis
426 715 457 767 in
471 713 643 783 uitiumque
657 712 728 769 deot-
785 713 864 842 Eoris
878 722 906 770 et
918 712 1071 784 Sanguinis
1081 714 1143 786 ejus
1155 713 1198 771 ibt
1211 716 1316 773 tradito
1326 718 1366 774 de-

144 789 190 840 tur
212 784 445 844 Getieamonimt
460 782 729 857 radicem,seupo⁴
759 818 762 859 3
806 802 837 842 es
852 785 1016 854 frequenter
1034 784 1226 843 devotissime
1242 788 1368 860 cogitare,

144 855 208 911 dom
220 853 728 927 montisuttvsttjuxtscomperirent
759 868 761 921 ;
786 862 815 913 et
838 855 914 928 quod
928 849 995 911 iotis
1016 850 1227 929 discipulerum
1248 859 1369 931 pedihus,

141 925 325 983 Gothsomsni
341 926 507 993 dicebatur;
522 926 595 983 unda
620 926 730 983 atritis
759 964 761 971 ·
786 940 820 985 ao
838 930 911 984 tecto
925 940 1068 993 sermone,
1081 933 1110 984 et
1124 920 1207 986 dicto
1218 931 1334 1003 hymno,
1348 933 1370 987 id

141 996 183 1055 sie
198 1003 327 1063 vocatur,
339 996 567 1055 uhiestacciesis
577 997 729 1055 adhaerens
759 1010 761 1051 t
786 1007 829 1056 est
844 998 1000 1071 gratiarum
1015 999 1138 1065 actione,
1153 1001 1242 1057 estus
1259 1018 1323 1059 cum
1335 1003 1370 1059 di-

143 1068 218 1141 rupi,
240 1072 291 1126 suh
314 1085 371 1141 qua
386 1068 513 1140 Apostoli
530 1076 614 1126 erant
627 1083 727 1126 somno
759 1118 762 1167 ι
787 1070 903 1143 scipulis
919 1084 977 1127 suis
989 1082 1088 1127 uersus
1113 1077 1248 1129 montem
1268 1074 1371 1145 Ohrcti,

143 1140 326 1214 pregravati,
349 1144 378 1198 et
396 1139 471 1197 intra
495 1147 577 1196 erent
600 1141 727 1199 canonici
759 1180 761 1196 2
786 1143 834 1199 uhi
850 1142 1114 1213 capienduseratet
1130 1144 1371 1216 abemicissepo·

144 1229 175 1269 re
198 1215 293 1270 uteres
306 1228 372 1269 cum
383 1212 504 1279 Atinate,
518 1215 674 1270 secuudum
685 1227 727 1269 re·
787 1214 950 1270 renouata
966 1213 1081 1285 quando
1094 1215 1304 1287 complendum
1320 1226 1371 1275 erat

144 1227 240 1356 gaqum
260 1283 336 1341 beati
356 1283 518 1355 Augustini,
533 1286 656 1341 Domino
668 1300 728 1341 ser·
787 1286 863 1358 quod
890 1285 1032 1357 Propheta
1054 1284 1170 1342 dixerat
1196 1304 1203 1343 ι
1223 1290 1370 1345 Peccatine

143 1355 262 1411 vientes.
279 1357 312 1411 Et
327 1354 446 1411 intrarit
460 1371 523 1410 curn
536 1355 605 1424 ipsis
618 1356 648 1412 in
661 1357 728 1412 herr·
784 1363 924 1428 postoram
938 1361 965 1411 et
979 1358 1178 1428 dtsperpsttttcr
1192 1370 1260 1415 oves
1274 1364 1368 1430 prepis:

147 1432 218 1492 tum,
235 1425 283 1498 qui
300 1429 327 1482 in
344 1427 401 1482 tine
412 1425 486 1482 ritis>
499 1432 608 1496 arat‚et
620 1427 655 1484 ed
675 1427 729 1483 rii·
787 1428 867 1489 rode.
887 1435 916 1484 et
930 1433 972 1496 tu,
990 1440 1102 1499 semper
1122 1440 1188 1486 cum
1210 1445 1260 1500 eo,
1278 1440 1307 1488 et
1323 1432 1369 1488 noti

143 1497 200 1555 lam
216 1497 386 1569 pertinebat,
407 1497 454 1554 uhi
464 1497 632 1555 traditorem
647 1514 728 1556 suum
787 1512 854 1556 oum
869 1500 1009 1567 deserere,
1030 1511 1067 1555 ne
1085 1505 1116 1555 et
1132 1502 1195 1572 ipse
1213 1502 1327 1560 deserat
1340 1512 1368 1558 tc.

143 1573 171 1625 ot
185 1575 311 1625 armatos
323 1570 513 1641 exspectabat,
529 1573 617 1625 sciens
638 1573 730 1625 omnio
825 1591 856 1626 ss
871 1572 1000 1640 hirsutos,
1015 1586 1050 1626 ns
1064 1583 1207 1628 susumus
1222 1588 1322 1631 nouem
1335 1593 1369 1630 ns·

142 1655 204 1768 gea
218 1646 334 1695 uenturo
351 1645 430 1695 erem
443 1655 526 1721 super
540 1656 612 1709 eum,
629 1657 729 1696 secun·
789 1656 873 1698 essue
887 1659 919 1698 rr
934 1656 978 1697 urs
992 1654 1019 1697 rs
1034 1643 1235 1700 Omvarms.-
1254 1645 1368 1729 hipsticc,

165 1710 367 1768 umaltissimce
379 1710 572 1781 dispositionis
582 1726 727 1768 arcanum.
787 1728 920 1785 egressus
947 1719 990 1769 est
1015 1715 1098 1769 iesus
1127 1720 1210 1771 estre
1239 1716 1368 1774 civitatem

145 1784 178 1838 Et
192 1782 240 1854 qui
256 1786 453 1855 persecutores
464 1799 540 1851 suos,
556 1786 691 1839 atomuis
702 1785 729 1839 in
787 1785 1004 1856 ierosolymam,
1025 1782 1055 1840 ui
1075 1795 1131 1841 nos
1153 1802 1324 1859 egressuros
1341 1789 1369 1843 da

145 1870 232 1911 manu
246 1869 297 1910 sua
308 1853 450 1926 accepisse
465 1870 495 1910 se
511 1861 646 1922 noveratp
663 1854 730 1927 quia
789 1854 974 1912 mundanisct
987 1855 1087 1911 mundi
1097 1857 1284 1916 habitatione
1294 1859 1368 1932 signi·

145 1930 237 1982 omniu
250 1927 328 1982 dedit
343 1929 369 1981 si
384 1929 465 1981 Pater
479 1929 509 1981 s'u
522 1942 631 1994 monus,
648 1942 730 2000 spon·
789 1928 898 1994 ttcarat,
920 1927 1034 1998 quaudo
1056 1927 1235 1986 sacrificium
1260 1933 1316 1988 Deo
1335 1930 1369 1986 oi·

145 2001 173 2053 te
189 1997 217 2053 in
233 2014 333 2055 manus
347 1997 582 2070 persequentium
597 2014 628 2054 se
640 2012 727 2070 poue-
788 1999 863 2055 turre
878 2000 1016 2067 volumus,
1028 2005 1057 2055 at
1073 2003 1104 2055 ut
1119 2001 1279 2058 tumultum
1293 2002 1369 2059 homi·

144 2070 203 2125 hat.
224 2071 336 2128 sciehat
354 2075 444 2124 satem
454 2073 479 2124 et
493 2070 591 2133 tudae,
608 2073 657 2140 par·
672 2075 729 2125 tra·
789 2084 857 2126 num
873 2070 970 2143 iugero
986 2070 1370 2142 doceretquendoorarecct

142 2140 730 2211 dcooteum,tooemppeiosrepacatertssus
788 2141 940 2198 familiaria
955 2154 1020 2197 cum
1033 2141 1140 2198 nostris
1151 2147 1282 2202 tractare
1296 2148 1372 2201 inten-

144 2216 306 2267 oonoenerot
324 2213 400 2275 ittae,
425 2226 485 2266 cem
509 2213 642 2283 dissipati
660 2215 730 2278 suis,
788 2212 890 2269 dimus.
903 2215 1041 2283 Egressus
1052 2219 1149 2270 autem
1162 2215 1218 2272 tuit
1229 2224 1308 2273 trans
1322 2222 1371 2273 tor·

143 2281 250 2339 scilicet
270 2298 355 2338 caiisa
374 2282 474 2339 orandi
495 2285 633 2340 secretius
652 2289 730 2340 extra
788 2290 898 2341 rentem
915 2278 1035 2353 cedron,
1046 2284 1094 2356 qui
1109 2284 1319 2359 interpretatur
1333 2290 1372 2344 trt-

144 2353 300 2410 tumultum
317 2352 450 2423 civitatis,
474 2356 503 2410 et
531 2369 615 2410 arnse
635 2369 729 2411 secre-
788 2360 840 2412 stis
855 2370 960 2418 meror.
976 2360 1004 2411 et
1015 2355 1161 2428 significat
1176 2362 1253 2415 riam
1269 2359 1371 2416 Pessio-

145 2423 201 2480 tius
219 2424 355 2496 loquendi
371 2438 435 2481 cum
447 2424 593 2497 disc-ipluis
606 2423 730 2482 semitis·
759 2430 763 2527 p
789 2426 845 2497 nis,
860 2438 945 2498 quam
963 2427 1092 2484 Christus
1107 2431 1316 2500 perambulare
1330 2446 1370 2485 so·

788 2494 858 2554 luit:
873 2499 939 2566 unia
951 2497 1022 2554 sicut
1034 2503 1148 2555 torrens
1157 2500 1372 2559 terrorecaioris

142 2567 295 2640 discipulo,
308 2568 436 2625 consueti
450 2584 580 2625 secessus
594 2568 686 2625 iocum
701 2575 730 2626 et
789 2566 857 2626 sniis
868 2584 931 2626 cunr
946 2569 1054 2642 impetu
1066 2569 1238 2642 descendt13
1250 2571 1370 2630 sicChri·

141 2640 222 2696 iudae
235 2645 335 2696 notum
352 2640 433 2708 adiit,
458 2654 514 2711 quo
534 2639 668 2697 facillima
684 2656 715 2697 ra
789 2647 851 2698 stus
863 2639 957 2697 calore
971 2638 1100 2698 caritatis
1114 2646 1143 2697 et
1171 2643 1237 2700 tuce
1253 2646 1370 2702 raritatis

141 2710 229 2783 periri
243 2718 349 2838 posset,
366 2711 549 2769 manifestum
564 2726 595 2768 se
607 2712 677 2767 dans
693 2713 729 2767 ad
789 2720 940 2769 succensus
966 2714 1068 2769 iiuctus
1097 2714 1272 2785 passionum
1293 2715 1369 2786 impa-

141 2781 241 2854 cepien
264 2798 322 2851 um,
345 2799 380 2838 ne
405 2788 526 2839 mortem
553 2783 665 2852 timere,
686 2783 730 2840 rol
789 2789 848 2839 tum
864 2782 1312 2856 propriasvoluntatissustinuit.
1326 2788 1369 2843 Per

139 2851 247 2910 invitus
256 2853 384 2926 crucifigi
393 2860 549 2925 putaretur.
563 2855 643 2911 Unde
655 2855 729 2911 bene
789 2856 843 2911 hoc
858 2871 925 2928 ergo
939 2856 1016 2925 quod
1029 2855 1161 2912 Christus
1174 2856 1226 2913 isit
1242 2859 1317 2918 iiiuc.
1328 2858 1368 2913 tm·

140 2923 271 2982 dicitur:
296 2929 327 2983 iit
342 2928 442 2996 hymno
465 2928 549 2996 dioto,
566 2930 727 2996 scierunt..
789 2926 915 2984 minente
942 2942 994 2983 sus
1018 2928 1168 2996 Passieno,
1198 2930 1367 3003 significatur

138 2998 288 3053 seeundum
303 2998 523 3055 consectantem
525 3038 581 3063 .....
603 3001 635 3054 tn
652 3012 729 3054 mon·
790 2997 866 3070 quod
883 2996 1059 3055 Christianus
1073 2998 1114 3054 ire
1129 3000 1234 3057 volans
1248 3004 1285 3058 act
1300 3016 1367 3058 mer-

138 3073 193 3124 tem
208 3070 319 3138 oliveti,
337 3068 366 3126 id
380 3074 663 3127 estversusmontem
674 3068 730 3126 uti·
790 3068 905 3141 tyrium,
922 3069 1006 3125 dehet
1025 3069 1182 3127 imminens
1205 3073 1365 3146 supplicium

138 3139 213 3209 setis
236 3140 305 3212 quie
328 3149 480 3198 consuetus
507 3147 570 3198 erat
590 3140 656 3198 iiiuc
675 3142 728 3209 ire,
788 3140 987 3213 precogitare,
1000 3146 1028 3197 et
1042 3157 1093 3213 per
1104 3142 1280 3214 patientiam
1294 3158 1367 3200 sear-

138 3216 167 3266 at
185 3211 292 3268 morari
308 3211 343 3268 de
365 3217 459 3282 nocte,
475 3229 560 3270 causa
575 3210 725 3268 orationis.
789 3226 868 3269 mare
881 3229 888 3266 ε
900 3211 1139 3283 quia‚secundum
1153 3213 1368 3284 Oreportummi·

139 3283 222 3351 Nam,
239 3283 396 3340 manutium
413 3287 644 3354 chrysostomum,
660 3299 728 3340 con·
788 3299 842 3340 nns
857 3283 962 3340 iaciunt
976 3285 1071 3356 jucuta
1091 3300 1157 3355 quse
1171 3287 1366 3358 praevidentur,

142 3359 276 3419 spreverat
302 3354 467 3425 frequenter
494 3355 630 3411 Dominus
650 3361 729 3412 extra
790 3359 818 3411 et
834 3354 1030 3411 toterattiliora
1042 3361 1121 3412 sunt'
1136 3357 1215 3413 maia
1233 3375 1297 3431 quae
1326 3373 1368 3414 rm

138 3422 266 3480 civitates
281 3432 309 3480 at
321 3423 410 3494 vicos,
426 3426 456 3482 in
472 3425 603 3483 oratione
617 3440 728 3498 perno-
788 3426 925 3482 sciuntur.
943 3428 976 3481 Et
991 3426 1068 3482 vonit
1090 3426 1121 3483 in
1142 3427 1241 3486 villam
1257 3374 1365 3487 Getsssa·

135 3499 224 3563 ctare,
249 3499 278 3550 et
292 3496 333 3551 sic
347 3500 457 3552 stratus
471 3496 620 3553 mollitiem
642 3496 728 3552 decii-
789 3497 877 3566 mani,
901 3508 965 3568 quse
991 3497 1367 3573 interpretaturcoih‘spin-

138 3580 209 3622 nare
225 3583 232 3636 ;
250 3565 390 3639 quinimo,
413 3568 569 3624 secundum
594 3568 727 3624 eumdem
787 3570 926 3638 possisne,
943 3582 1007 3640 qum
1019 3569 1222 3641 interpretatio
1241 3571 1366 3635 ostendit,

138 3638 370 3709 chrysostomum,
387 3638 562 3697 consuetudo
581 3638 682 3697 Christi
698 3656 727 3695 a·
787 3638 1367 3767 guantunrhumitismuantumdevotaiuit

139 3718 195 3780 rat,
212 3709 335 3768 maxime
356 3714 384 3767 in
406 3710 648 3779 solemnitatibus,
665 3714 729 3782 post
809 3709 890 3768 hristi
899 3711 989 3768 oratio
1005 3726 1090 3783 quam
1104 3712 1144 3769 ibi
1156 3713 1226 3769 iecit
1239 3731 1246 3782 ;
1259 3714 1288 3771 in
1303 3714 1365 3770 ratic

139 3781 418 3854 coenamdiscipulos
430 3799 557 3840 seorsum
574 3783 689 3851 ducere,
700 3788 729 3839 et
758 3840 762 3869 Ι
786 3785 862 3839 enim
880 3782 1036 3852 humititas,
1053 3780 1123 3839 etin
1155 3783 1310 3856 iuguediue
1322 3787 1364 3841 de·

138 3868 241 3924 purum
256 3853 452 3910 atumuitihus
464 3856 555 3911 locutu
570 3854 727 3936 inquirere,
757 3882 761 3940 1
786 3853 862 3909 votio
879 3859 1003 3910 notatur.
1028 3857 1118 3911 Secun
1143 3860 1364 3927 uniuersique,

139 3940 177 3981 na
194 3940 273 3981 mans
283 3925 468 3996 impediretur
477 3927 514 3982 ab
527 3927 683 3994 auditione,
701 3930 729 3981 at
786 3925 925 3981 Dominus
939 3925 1171 3997 appropinquans
1187 3929 1327 3996 Passioni,
1341 3930 1364 3983 in

136 3995 234 4067 aliqua
253 3995 387 4053 sublimia
405 3998 439 4052 cta
455 3997 527 4053 testo
546 4012 593 4052 eos
613 3997 727 4065 docere,
758 4032 760 4039 ·
786 3996 859 4052 velie
882 3996 1063 4068 pinguedinis
1078 3997 1182 4068 orarit,
1201 4010 1232 4056 ut
1254 4000 1363 4056 demon·

141 4082 205 4138 quae
223 4083 280 4124 nen
293 4073 355 4124 erat
370 4069 413 4124 sas
425 4067 497 4124 aiios
511 4067 621 4124 audire.
641 4068 728 4125 Com·
787 4072 937 4136 straretur,
951 4067 1018 4139 quta
1039 4082 1091 4140 pec
1109 4069 1214 4126 saliem
1230 4071 1364 4128 humitits·

144 4137 296 4210 pistorium
324 4145 418 4212 potest
435 4139 502 4209 dici,
525 4138 635 4209 quiain
665 4140 727 4194 iso
788 4138 825 4194 tis
836 4144 865 4195 et
879 4138 1081 4212 pinguedinem
1101 4140 1234 4199 caritatis
1249 4158 1301 4216 pro
1317 4158 1365 4199 no-

145 4211 305 4290 completur
323 4210 502 4268 cursusdiei.
524 4209 661 4268 Similiter
674 4152 730 4267 sso-
758 4282 761 4291 1
787 4209 1105 4283 bismortemsuscepit.
1121 4213 1365 4272 humiliariteniu

148 4286 446 4339 minusnostortasus
460 4281 731 4353 Christusmonspto·
789 4294 924 4354 sausque
942 4284 978 4338 ed
1001 4289 1133 4349 mortem.
1149 4289 1180 4342 et
1203 4300 1238 4344 ex
1259 4286 1366 4345 cariata

150 4355 178 4408 to
198 4364 282 4409 cursa
306 4353 529 4425 predicationis,
545 4359 574 4412 et
586 4362 669 4410 aona
683 4352 732 4410 itta
759 4412 761 4417 ,
789 4355 883 4425 possm
898 4364 949 4426 pro
965 4353 1065 4412 amieis
1084 4355 1214 4416 animam
1229 4364 1322 4416 mans.
1340 4359 1364 4413 iu

143 2496 216 2553 riter
230 2495 416 2553 instruendis.
429 2499 526 2568 ltaque
546 2496 731 2554 tradenduse
