2820 4928
133 317 162 368 bi
359 365 368 381 ,
479 311 640 366 SECUNM
668 311 788 364 tuturis
817 310 920 363 citrei
949 309 982 363 IX

134 422 261 480 omnium
289 418 356 486 tuit,
383 425 411 476 et
441 419 481 475 ita
507 417 718 488 quodammodo

134 500 293 566 respectum
309 492 394 548 babet
413 492 448 546 ad
470 490 567 546 omnia
589 488 717 545 dimissa.

134 568 195 622 Nou
209 580 277 637 ergo
290 566 410 618 redeunt
423 567 560 632 qnantum
577 561 612 616 ad
627 577 719 616 marii·

135 637 191 693 tam
208 643 236 692 et
250 644 380 700 reatum;
398 633 448 689 sed
466 637 602 703 quantum
618 632 653 688 ad
673 631 720 688 iii·

135 705 349 780 gratitudinem.
357 704 408 772 Qui
420 703 494 761 enim
504 709 566 774 post
575 709 719 774 acceptam

135 779 333 834 remissionem
341 777 376 833 ad
384 776 720 848 peccatumredit,magis

136 848 287 919 delinquit,
299 850 373 919 quod
385 847 720 918 ingratustantobcnesi·

136 921 179 977 cio
195 919 321 988 eistitit;
338 924 366 976 et
380 917 420 975 ita
434 917 608 989 ingratitudo
621 934 720 990 pecca-

136 997 196 1049 tum
210 989 419 1048 recidivationis
438 994 583 1060 aggravat.
601 989 720 1056 Quidam

136 1080 204 1120 roro
218 1062 318 1119 dicunt
333 1061 408 1132 quod
426 1068 542 1133 peccata
559 1061 678 1118 redeunt
692 1063 720 1116 in

136 1140 258 1207 quatuor
286 1133 409 1202 casibus,
435 1133 541 1189 scilicet
568 1151 574 1189 :
605 1140 722 1205 propter

135 1207 233 1264 odium
245 1207 412 1273 fraternum,
423 1212 539 1277 proptor
549 1205 720 1276 apostasiam

137 1296 155 1336 a
176 1280 244 1347 fide,
261 1285 378 1351 propter
397 1283 590 1346 contemptum
611 1277 721 1333 contes-

137 1350 237 1418 sionis,
253 1357 281 1406 et
297 1354 414 1431 propter
428 1349 555 1405 dolorem
576 1348 610 1403 do
627 1349 722 1418 poeni-

138 1421 228 1479 tentia
242 1422 359 1488 babita3
375 1421 450 1476 uude
467 1424 532 1475 suut
545 1435 643 1474 versus
660 1436 666 1474 ε

173 1534 270 1587 Frater
284 1526 353 1596 odit,
367 1532 495 1597 apostata
508 1530 550 1596 fit,
565 1529 724 1612 operuitque

160 1700 162 1704 ,
209 1670 372 1728 renituisse
386 1671 483 1740 pipct:
500 1600 722 1812 Prss‘in‘iiiiiii

638 1757 667 1795 re
690 1759 721 1798 i.

174 1873 188 1923 7
206 1850 293 1906 chiix
310 1864 533 1904 counoiurioxis.
548 1879 582 1889 -υ
593 1848 724 1906 Facititer

141 1919 361 1993 ergoetmerito
373 1922 438 1977 inte
450 1920 721 1988 peccantidimittes,

137 1993 172 2064 si,
193 1998 331 2065 quantum
362 1991 412 2048 tibi
444 1991 546 2047 dimitti
565 1992 720 2057 desideras,

138 2065 277 2123 voraciter
301 2064 442 2121 attendas.
465 2063 550 2132 Quia,
567 2064 722 2120 secundum

138 2139 367 2207 chrysostomum,
379 2135 431 2192 etsi
446 2135 607 2206 septuagies
618 2135 722 2207 septies

137 2206 291 2273 dimiseris,
303 2205 354 2262 etsi
365 2204 461 2262 omnia
475 2205 642 2276 simpliciter
656 2223 720 2277 pec-

137 2283 198 2334 cata
226 2276 401 2333 concesseris
427 2275 562 2332 continue
581 2277 719 2347 proximo,

137 2352 274 2420 qiiantum
290 2353 370 2418 gutta
383 2362 465 2416 aqiiae
478 2347 513 2402 ad
529 2347 645 2418 pelagus
660 2348 722 2403 inu-

135 2419 239 2485 nitum‚
259 2424 339 2473 tanto
369 2417 463 2488 magis
488 2424 516 2474 et
543 2419 630 2475 multo
659 2421 721 2491 plus

137 2490 233 2547 desii-it
248 2494 313 2545 tuus
329 2505 410 2544 amor
428 2490 463 2544 ad
481 2487 622 2546 infinitam
638 2490 719 2547 boui·

137 2566 223 2618 tatem
236 2560 296 2628 Dei,
307 2561 386 2632 cujus
397 2559 425 2615 in
437 2561 606 2618 necessitate
619 2562 722 2618 cousti-

137 2639 215 2689 tutus
232 2648 273 2700 es,
290 2647 355 2687 cum
384 2630 553 2688 'udicalieris
579 2639 608 2689 et
634 2649 721 2689 noxas

136 2703 280 2760 tribueris.
301 2704 335 2759 Et
360 2648 424 2759 icieo
452 2704 523 2758 bene
549 2709 664 2775 peccata
693 2707 721 2760 iii

136 2777 225 2833 Deum
240 2777 336 2831 decem
346 2774 472 2830 millibus
484 2775 608 2843 talentis,
618 2781 644 2830 ot
659 2792 722 2848 pec·

136 2854 200 2903 cata
223 2845 252 2902 in
276 2846 434 2918 proximum
458 2851 570 2903 crntum
597 2847 721 2904 denariis

136 2912 329 2990 comparavit;
346 2917 415 2992 quia
433 2918 518 2976 etiam
536 2919 635 2976 eadem
654 2936 721 2992 pec·

137 2996 200 3049 cata
224 2993 312 3048 mutto
329 2990 461 3064 graviora
485 2990 637 3048 commissa
654 2995 722 3048 sunt

136 3062 165 3120 iii
184 3065 283 3131 Deum,
300 3079 384 3134 quam
400 3063 429 3118 iu
446 3063 614 3133 proximum.
631 3066 721 3120 Duce·

135 3150 200 3191 mur
214 3149 281 3202 ergo
297 3134 437 3200 hocloco,
453 3141 485 3189 ut
497 3135 570 3190 sicut
585 3137 721 3190 Dominus

135 3204 219 3261 nobis
233 3204 350 3261 dimittit
361 3204 471 3275 majora
479 3209 605 3276 peccata,
616 3205 656 3262 sie
671 3222 723 3262 uos

136 3275 313 3332 dimittamus
329 3275 480 3342 consuitis
491 3275 597 3331 nostris
612 3279 728 3333 minora

137 3346 168 3401 in
189 3360 241 3399 nos
261 3345 434 3412 commissa,
459 3344 585 3416 alioquin
605 3362 622 3402 a
641 3348 723 3404 uobis

135 3414 227 3486 exiget
247 3417 344 3473 debita
363 3417 507 3473 universa.
524 3417 722 3475 UndeaitAu-

136 3489 264 3558 quatinus
282 3506 291 3543 ε
312 3486 436 3546 «Omnis
451 3489 536 3544 bomo
553 3489 663 3546 debitor
681 3498 723 3548 cst

137 3560 209 3626 θείς
240 3562 269 3616 et
297 3558 455 3616 debitorem
487 3560 574 3616 habet
608 3566 723 3619 tratrem

139 3645 234 3686 suum.
246 3629 313 3686 Ideo
327 3632 399 3687 Deus
410 3632 502 3702 justus
514 3632 659 3690 constituit
674 3636 722 3691 tibi

138 3700 266 3772 reguiam
283 3703 311 3758 in
326 3702 455 3760 debitore
468 3710 526 3773 tuo,
539 3721 624 3775 quain
640 3702 724 3762 saciet

139 3779 168 3830 et
182 3777 241 3845 ipse
254 3790 317 3830 cum
328 3790 389 3831 suo.
405 3796 419 3827 ii
436 3777 514 3833 Unde
525 3782 552 3832 et
568 3778 722 3845 chrysosto-

136 3861 198 3902 mus
216 3868 223 3902 :
243 3871 254 3895 α
273 3848 338 3902 Haec
355 3845 441 3918 igitur
457 3851 552 3905 omnia
568 3850 725 3922 intelligen-

138 3923 191 3987 tes,
201 3922 229 3974 et
242 3919 303 3974 baec
313 3918 411 3975 docem
423 3919 509 3975 mittia
520 3920 722 3991 excogitantes,

138 3989 238 4046 saitem
256 3989 323 4046 binc
343 3989 508 4046 festinemus
523 3992 557 4046 ad
577 3991 721 4048 dimitten-

138 4061 722 4133 dumproximispariaetrilia.Audiamus

138 4132 377 4190 immisericordes
391 4139 419 4190 ot
432 4134 571 4198 crudeteS,
587 4138 721 4203 quoniam

138 4218 195 4259 non
210 4205 274 4262 atiis
290 4221 387 4263 sumus
401 4205 541 4273 crudeles,
552 4206 602 4261 sed
622 4205 720 4261 nobis·

137 4274 272 4348 metipsis.
300 4280 368 4337 Cum
399 4275 553 4335 memorari
579 4277 719 4334 matorum

774 415 825 484 iis,
842 415 971 486 excogita
988 415 1124 488 quoniam
1144 413 1258 486 tibiipsi
1279 415 1355 472 malo·

773 503 837 544 rum
851 487 1061 556 rememoraris,
1074 503 1133 543 non
1149 486 1220 555 aiii;
1235 487 1358 559 quonian

773 564 821 616 tua
836 560 908 632 ligas
930 565 1056 631 peccata,
1072 575 1131 615 nou
1153 557 1294 631 proximi.
1307 560 1359 615 Duo

775 635 870 704 itaque
896 630 962 688 binc
988 629 1090 702 quaerit
1108 650 1117 685 :
1134 635 1164 687 et
1195 646 1359 702 cognoscere

774 704 925 761 adversum
940 707 1056 775 peccata
1072 707 1188 768 nostra,
1206 708 1237 758 et
1252 700 1313 758 aliis
1325 701 1360 757 di·

775 775 898 843 mittere,
912 774 1021 829 utillud
1037 783 1156 846 propter
1171 774 1243 840 boc,
1259 783 1292 830 ut
1305 771 1361 829 iaci·

775 845 829 903 lius
843 846 898 901 boc
914 845 980 900 siat:
996 849 1043 916 qu'i
1058 847 1135 900 enim
1149 861 1208 900 sua
1224 843 1361 926 intelligit,

774 916 883 973 tacilius
893 915 1014 986 ignoscit
1027 921 1222 984 conservo,et
1234 932 1294 972 non
1306 930 1361 972 siin·

774 988 885 1060 pticiter
908 988 944 1044 ab
971 1003 1021 1044 ore
1047 986 1209 1056 dimittere,
1229 988 1280 1043 sed
1305 995 1363 1043 eta

775 1061 869 1116 corde.
886 1061 926 1115 Ne
940 1058 1027 1131 igitur
1041 1057 1121 1114 dicas
1140 1058 1287 1129 quoniam
1302 1074 1363 1114 con·

774 1134 888 1188 vitiatus
903 1135 957 1199 est,
973 1137 1001 1187 et
1014 1128 1147 1195 detraxit,
1162 1136 1196 1186 at
1222 1147 1257 1187 ue
1273 1130 1363 1187 decem

776 1202 862 1259 mittiii
875 1207 1007 1274 operatus
1019 1208 1062 1258 est
1072 1200 1142 1257 inibi
1157 1146 1249 1258 maiia.
1260 1203 1363 1268 Quanto

775 1274 851 1331 enim
874 1273 987 1342 dixeris,
1006 1278 1085 1329 tanto
1106 1272 1205 1343 magis
1228 1280 1363 1332 monstras

775 1363 839 1403 eum
856 1345 1078 1410 benefactorem,
1095 1343 1178 1400 dedit
1192 1343 1275 1401 enim
1291 1361 1362 1401 iicca·

775 1418 883 1473 sionem
903 1416 1034 1473 abluendi
1047 1423 1167 1499 peccata
1181 1423 1244 1472 tua.
1263 1417 1362 1485 Quare,

776 1494 882 1559 quanto
895 1489 1004 1558 majora
1015 1488 1122 1559 injusta
1133 1487 1186 1545 tibi
1199 1488 1281 1557 fecit,
1292 1495 1363 1544 tanto

777 1569 805 1616 et
825 1561 966 1630 majorum
985 1565 1172 1632 peccatorum
1187 1559 1364 1616 dimissionis

777 1647 861 1689 causa
875 1629 927 1686 tibi
942 1629 1081 1687 consistit.
1098 1630 1128 1697 Si
1145 1632 1229 1687 enim
1245 1629 1363 1688 volueri·

777 1720 849 1771 mus,
863 1702 1072 1774 nuilusinjusta
1083 1701 1169 1758 nobis
1181 1703 1280 1759 tacere
1295 1708 1364 1774 pote

776 1775 828 1838 rit;
846 1774 896 1830 sed
908 1779 936 1829 et
951 1773 1057 1830 inimici
1074 1773 1201 1830 maxime
1211 1774 1363 1847 proderunt

776 1846 868 1903 nobis.
899 1844 970 1902 Vide
1001 1862 1068 1916 ergo
1100 1851 1214 1916 quauta
1248 1843 1362 1901 lucraris

776 1922 923 1974 mansuete
940 1916 1119 1973 inimicorum
1139 1917 1240 1973 tereus
1262 1917 1362 1987 impru-

775 1988 887 2046 dentias
902 2007 909 2044 ι
926 1989 1049 2061 primum
1073 1988 1205 2059 quidem,
1226 1993 1257 2045 et
1280 1987 1363 2045 maxi·

776 2077 864 2128 mum,
880 2068 1062 2133 peccaturum
1081 2059 1307 2127 remissionem
1322 2074 1363 2115 se·

775 2133 908 2200 cundum,
929 2130 1096 2205 patientiam
1123 2136 1152 2188 et
1177 2147 1363 2202 perseveran-

774 2206 863 2264 tiam:
892 2203 1024 2271 tertium,
1056 2205 1313 2258 mansuetudinem
1339 2207 1363 2258 et

774 2291 900 2332 amorem
917 2275 1084 2342 bominum;
1100 2280 1253 2344 quartum,
1273 2275 1309 2331 ab
1325 2273 1363 2330 ira

774 2346 907 2404 continue
930 2363 992 2403 csse
1012 2345 1132 2402 tiberum
1158 2350 1220 2402 eta
1239 2345 1363 2416 tristitia,

775 2435 839 2490 quae
854 2418 919 2475 binc
935 2428 987 2474 est.
1002 2417 1070 2474 Cum
1085 2417 1174 2472 biset
1191 2416 1364 2474 venerabilis

774 2491 831 2547 eris
856 2496 884 2546 et
906 2490 968 2560 ipso
993 2487 1127 2557 inimicis,
1144 2487 1201 2544 etsi
1220 2488 1365 2545 daemonex

775 2560 897 2630 tueriut3
914 2560 1005 2632 magis
1020 2565 1115 2616 antem
1133 2574 1229 2630 neque
1246 2557 1364 2616 babebis

772 2634 831 2704 jam
859 2632 1005 2689 inimicum
1029 2630 1069 2686 ita
1096 2629 1268 2699 dispositus.
1288 2631 1364 2699 Quod

775 2713 870 2761 autem
899 2710 943 2761 est
968 2703 1061 2774 majus
1088 2707 1116 2758 et
1140 2700 1289 2773 primum,
1318 2699 1363 2758 bei

775 2775 911 2844 amicitia,
927 2782 956 2831 rt
974 2778 997 2831 si
1017 2772 1190 2846 peccaveris,
1208 2773 1298 2830 uenia
1312 2788 1364 2856 po·

775 2847 864 2904 tieris.
882 2867 895 2898 ii
910 2850 943 2902 Et
955 2846 1059 2903 iteruin
1070 2862 1077 2901 ε
1090 2865 1105 2898 c
1121 2845 1182 2901 Non
1195 2858 1364 2902 memoriam

776 2919 916 2975 matorum
942 2919 1097 2974 habeamus
1117 2915 1146 2972 iu
1175 2916 1298 2988 eosqui
1322 2915 1365 2972 ie·

776 2993 864 3059 dunt3
884 3006 950 3047 nam
976 2988 1057 3045 nobis
1082 2987 1363 3060 prosuntmaxime,

776 3061 830 3118 uisi
845 3062 976 3132 nosipsos
992 3058 1247 3137 vindicaverimq.
1265 3057 1365 3141 Rapuit

776 3133 844 3190 itte:
860 3139 966 3204 gratias
981 3131 1063 3202 egisti
1084 3137 1124 3199 tu,
1138 3146 1192 3202 pro
1211 3127 1363 3201 iniustitia.

777 3211 805 3261 et
820 3204 986 3276 glorificasti
1003 3206 1107 3270 Deum;
1126 3201 1258 3258 infinitas
1275 3204 1366 3260 tructi-

777 3276 868 3332 sicasti
889 3275 1044 3333 mercedes
1067 3274 1095 3331 si
1117 3279 1214 3330 autom
1238 3271 1365 3331 oraveris

778 3365 827 3420 pro
848 3365 893 3416 eo,
910 3350 967 3404 Deo
986 3348 1077 3403 tactus
1097 3360 1129 3401 es
1150 3344 1266 3402 similis.
1284 3345 1366 3401 Vides

777 3420 900 3493 quatiter
911 3417 1031 3475 maxime
1042 3417 1186 3473 lucramur
1197 3416 1365 3474 abatiorum

777 3487 1364 3564 persecutione.NihilitaDeumlaetisscat,

779 3568 883 3619 utnon
909 3562 1029 3618 reddere
1056 3559 1163 3616 malum
1189 3575 1241 3631 pro
1268 3561 1364 3629 malo;

777 3633 834 3690 imo
852 3633 973 3690 reddere
988 3630 1132 3689 contraria
1145 3631 1310 3703 injunctum
1325 3636 1364 3688 est

777 3705 878 3763 nobis:
893 3705 1032 3762 beneficia
1043 3709 1071 3761 et
1082 3704 1237 3760 orationes.
1250 3706 1313 3760 Non
1325 3706 1364 3759 est

776 3777 845 3848 qnid
860 3776 1003 3834 ditticitius
1016 3791 1101 3849 quam
1117 3775 1260 3857 memoria
1274 3775 1362 3832 malo·

775 3865 849 3905 rum.
862 3852 927 3905 Haec
938 3848 1024 3920 igitur
1035 3848 1157 3905 scientes
1168 3847 1362 3913 bumxtiemur,

776 3929 805 3977 et
823 3919 1001 3977 debitoribus
1022 3921 1127 3976 nostris
1148 3918 1236 3975 etiam
1257 3918 1362 3991 gratias

776 4008 910 4062 agamiis3
927 3992 1001 4048 siunt
1013 3995 1089 4049 enim
1101 3991 1195 4060 nobis,
1205 3992 1228 4049 si
1241 3990 1362 4063 pbiloso-

774 4064 856 4135 pbari
866 4064 1007 4127 volumus,
1020 4080 1131 4135 magnae
1147 4080 1204 4120 uon
1218 4065 1311 4121 sotum
1325 4065 1360 4118 in·

777 4136 1132 4217 dulgeiitiae,verumetiam
1143 4135 1274 4193 maximae
1290 4149 1360 4192 mer-

775 4209 852 4264 cedis
868 4207 990 4263 occasio.
1001 4207 1242 4279 ttaucasiquidem
1252 4210 1359 4275 damus,

774 4277 897 4351 piurima
908 4279 1059 4351 recepturi.
1074 4280 1145 4349 Quid
1158 4279 1246 4354 igitur
1256 4278 1360 4356 expetis
