2820 4928
513 707 825 821 VITAE

562 1021 668 1071 Domi
680 1021 789 1070 noscat

125 1264 488 1441 JESU
589 1267 1219 1444 CHRISTI

339 1726 349 1735 ’
384 1704 559 1791 PARS
599 1705 957 1795 SECUNDA.

589 2037 728 2112 CAPUT
753 2040 767 2110 l

139 2238 178 2282 DE
202 2237 403 2286 conrnsstorut
424 2239 508 2288 VERE
529 2239 623 2303 utoni,
646 2239 732 2294 nubit
751 2241 864 2289 PRTRUS
885 2241 971 2289 ructu·
995 2241 1049 2290 PRO
1070 2242 1210 2291 OHMBUS.

534 2392 659 2450 btuttbaei
673 2408 735 2465 cap.
749 2393 819 2452 xvi.

102 2558 237 2618 1Scoros
253 2575 378 2616 sacoma
392 2577 542 2617 omns-
557 2559 652 2620 Prima
703 2561 857 2628 modicum.
873 2562 910 2620 ad
924 2562 1050 2622 radicem
1074 2570 1104 2622 et
1145 2563 1227 2622 edem
1241 2565 1293 2624 Li·

80 2648 128 2690 ars
150 2629 216 2686 libri
236 2631 330 2712 hujus,
346 2648 409 2702 quae
423 2632 566 2704 praecedit,
587 2635 651 2690 nul·
702 2635 769 2692 bani
786 2636 973 2700 confluentes,
987 2579 1293 2708 efficiuntiordanem

60 2649 119 2762 iam
136 2708 170 2764 de
186 2702 318 2758 Passione
333 2704 506 2759 mentionem
522 2720 650 2776 expresse
701 2705 750 2778 qui
768 2712 832 2777 post
850 2708 950 2778 longos
973 2706 1110 2764 circuitus
1132 2707 1293 2787 ingreditur

61 2775 149 2850 iacit3
176 2773 302 2829 secunda
329 2789 395 2830 vero
424 2790 499 2846 pars,
519 2791 584 2848 quae
605 2777 653 2832 bic
702 2792 782 2833 mare
802 2777 939 2843 Galilaeae,
958 2791 1045 2846 prope
1059 2778 1208 2832 corozaim
1225 2778 1294 2833 civi-

63 2850 204 2918 sequitur,
216 2843 381 2916 frequenter
394 2846 429 2902 de
441 2846 574 2903 Passione
586 2847 655 2902 iacit
701 2852 800 2903 tatem.
817 2847 927 2901 Dicitur
942 2845 1027 2899 etiam
1047 2846 1177 2902 Caesarea
1192 2846 1295 2920 Phiiip-

62 2923 249 2985 mentionem,
261 2923 289 2972 et
298 2921 388 2972 totam
402 2918 530 2983 continet
544 2917 655 2972 Passio·
703 2918 744 2987 pi,
768 2914 803 2970 ad
831 2912 1021 2995 differentiam
1049 2915 1186 2971 cesaree
1212 2918 1293 2973 Pale-

63 3005 143 3051 nem.
156 2998 184 3046 et
195 3001 366 3057 eorumquae
379 2987 529 3042 ultrasunt
541 2987 655 3042 seriem.
704 2987 798 3053 stium,
810 2984 857 3040 ubr
877 2984 1013 3042 Centurio
1027 2985 1175 3043 Cornelius
1189 2988 1295 3046 dicitur

104 3083 119 3119 a
136 3063 219 3118 Unius
234 3075 365 3114 cosman
382 3060 655 3114 Pmmrrrs1rns.-
704 3056 855 3114 habitasse.
877 3058 927 3112 Est
944 3061 974 3113 et
991 3056 1047 3115 alia
1072 3057 1211 3126 Caesarea,
1230 3076 1293 3118 me·

64 3135 136 3190 Post
150 3131 300 3203 praemissa
314 3145 382 3255 ergo
401 3132 479 3186 uenit
492 3131 571 3186 iesus
585 3136 655 3186 tam-
703 3128 822 3199 tropoiis
841 3127 1039 3210 Cappadociae,
1055 3145 1119 3202 quae
1136 3137 1178 3189 est
1199 3133 1228 3189 in
1252 3150 1295 3191 re-

64 3220 152 3276 quam
167 3202 307 3270 Salvator,
323 3216 340 3256 u
364 3202 427 3271 ique
440 3201 538 3257 iumen
553 3201 655 3257 doctri·
704 3202 790 3275 gione
804 3201 925 3257 Turcrae.
941 3201 970 3255 In
986 3198 1040 3258 ista
1053 3211 1149 3259 autem
1168 3204 1293 3276 civitate,

65 3292 111 3333 nae
136 3288 284 3347 spargens,
308 3272 413 3344 ubique
433 3273 557 3344 perditos
579 3288 656 3345 quae·
704 3272 811 3329 scilicet
825 3272 956 3328 Caesarea
970 3271 1101 3402 Pbitipgi,
1119 3275 1189 3330 etin
1202 3276 1293 3332 confl-

64 3363 141 3413 rrns,
162 3347 212 3403 ubi
234 3360 271 3401 ue
295 3345 465 3415 poenitentes
490 3344 611 3408 salvans,
624 3346 656 3400 tn
705 3344 790 3401 nibus
805 3344 875 3416 ejus,
889 3344 1039 3401 habitabat
1084 3347 1192 3402 entium
1206 3362 1295 3419 popu·

64 3424 161 3491 partes
177 3361 290 3472 utinen
305 3416 436 3484 civitatis,
450 3431 514 3485 quae
529 3416 657 3472 casarea
705 3416 765 3483 ius;
784 3419 814 3471 et
838 3415 901 3471 idco
928 3431 961 3471 ex
989 3417 1053 3486 boc,
1066 3417 1142 3488 quod
1167 3418 1296 3474 Christus

64 3489 200 3559 Philippi
214 3486 380 3555 vocabatur,
395 3487 444 3542 sed
457 3502 531 3543 nuno
548 3487 657 3543 Paneas
706 3486 873 3558 mysterium
888 3502 947 3542 suae
961 3487 1167 3545 lucarnationis
1186 3488 1233 3545 bio
1248 3505 1294 3545 re-

67 3560 182 3616 dicitur.
208 3557 357 3629 Philippus
387 3558 464 3613 enim
491 3559 656 3628 Tetrarcba‚
706 3558 915 3622 vetarovotuit,
932 3557 1090 3615 ostenditur
1124 3559 1296 3617 uodiunda·

66 3631 158 3688 irater
172 3628 302 3690 Herodis.
323 3629 466 3684 civitatem
479 3629 556 3685 iilam
572 3645 658 3685 reno·
708 3633 838 3685 mentum
849 3627 980 3686 Ecclesiae
995 3574 1295 3688 inanimatorum.

68 3703 147 3758 ravit
168 3705 197 3755 ot
219 3715 265 3755 am
286 3699 377 3768 bavit,
394 3705 423 3756 et
450 3707 569 3756 extunc
594 3716 658 3757 eam
709 3702 775 3756 Haec
789 3699 866 3755 enim
882 3700 981 3757 civitas
995 3700 1189 3759 esthoenieis
1203 3701 1296 3774 regio·

69 3773 228 3830 Caesaream
246 3716 380 3852 t’iiiippi,
392 3770 422 3827 in
433 3774 601 3853 memoriam
615 3770 661 3827 sui
708 3773 753 3827 nis
774 3770 918 3853 Gentium,
940 3777 968 3828 et
982 3771 1122 3830 terminus
1138 3773 1243 3830 Judaeae
1259 3772 1297 3829 ad

69 3841 574 3911 nominis‚et1nbonoremirberii
597 3843 659 3900 Cae·
710 3843 960 3926 septemtrionem,
985 3844 1021 3900 ad
1045 3859 1131 3972 ‹kuam
1156 3844 1296 3900 tributum

69 3914 153 3982 saris,
170 3915 221 3983 qui
243 3914 269 3970 ei
285 3918 418 3984 quartam
446 3919 556 3986 partem
578 3913 661 3987 regni
711 3929 811 3970 census
832 3915 932 3984 capitu
957 3915 1052 3972 deiero
1074 3922 1147 3980 atur,
1165 3929 1216 3984 pro
1262 3928 1297 3968 uo

10 4004 12 4013 ·
71 3986 203 4052 dederat,
230 3984 392 4056 appellavit.
413 3986 448 4041 Et
475 3993 518 4042 est
545 3987 600 4044 sita
630 3985 661 4044 in
711 3985 764 4041 sub
778 3985 890 4041 Caesare
913 3987 1041 4059 Augusto
1058 3985 1207 4042 universus
1222 3997 1254 4036 or
1276 3982 1299 4038 is

71 4059 143 4129 pede
158 4057 264 4111 montis
279 4054 393 4121 Libani,
408 4059 458 4113 ubi
470 4059 537 4114 binc
552 4058 618 4115 inde
632 4057 663 4113 in
712 4057 868 4128 descriptus
888 4056 1002 4114 dicitur.
1023 4057 1187 4127 congruum
1202 4058 1298 4111 autem

71 4128 174 4184 declivi
203 4126 293 4183 latere
317 4128 423 4184 montis
450 4131 581 4187 oriuntur
606 4130 662 4185 duo
711 4126 773 4197 iuit,
792 4134 823 4183 ut
833 4126 862 4184 in
875 4126 939 4184 loco
955 4130 983 4184 in
998 4143 1056 4200 quo
1071 4123 1151 4202 orbis
1162 4122 1300 4183 tributum

69 4199 175 4269 tontes,
204 4200 255 4256 Jor
278 4205 307 4255 et
332 4199 492 4273 bandini,
523 4201 573 4273 qui
601 4203 665 4274 post
712 4198 811 4272 solvit,
827 4200 887 4256 Rex
904 4212 1007 4270 regum
1022 4200 1052 4251 et
1070 4195 1207 4253 Dominus
1223 4196 1301 4256 orbis

134 4294 204 4348 Vm
211 4294 279 4348 Jcsn
287 4294 407 4358 deuon,
415 4297 508 4352 'ionas
517 4298 566 4351 111.
1174 4295 1185 4344 ¹
