2820 4928
136 406 181 460 tto
490 394 644 447 stct'lblt
672 392 792 447 l'lttlts
819 392 915 443 lll'l'l
942 390 1005 440 xlx

172 512 233 567 alx
249 508 436 567 senatumne,
451 518 498 564 oux
513 514 725 557 souuaeuanxs
753 501 756 514 '
781 496 883 571 gelista
893 494 1374 575 iucontusionemludaeorum,qui

137 598 256 642 xcruaus
281 590 459 643 uersurum,
483 586 651 629 aaraouario
679 574 726 629 to·
781 586 838 627 nou
847 572 913 625 sunt
924 581 1031 623 reversi
1044 563 1082 646 ad
1092 566 1264 624 Christum.
1278 569 1309 623 Et
1320 576 1375 623 uota

137 670 252 712 uaouou
267 666 299 708 ur
313 652 465 707 Gasruuxcu
488 660 602 700 recurro
630 660 725 700 auaru-
755 696 757 703 ,
781 641 859 724 qiuod
874 639 903 697 iu
918 641 970 721 hoc
983 636 1059 719 quod
1073 641 1131 693 uste
1142 638 1316 711 alienigena
1329 640 1378 696 red·

138 740 273 784 ausurus.
293 754 322 765 -
343 724 418 779 Uicus
433 723 525 773 autem
540 732 574 772 ea
589 717 660 784 iltis,
676 716 726 785 qui
754 716 758 793 t
783 715 826 782 iit,
842 718 872 769 et
889 711 949 779 alu,
969 726 1018 781 qur
1034 716 1125 765 erant
1141 712 1302 773 israelita.
1325 712 1375 768 xed-

136 800 334 857 Samaritanus
348 798 377 850 et
391 791 509 848 (leutitia
523 795 594 857 erat,
611 794 641 843 ut
653 789 727 843 cidit
754 798 758 827 ⁵
781 785 853 843 itum
868 783 1086 866 neglexerunt,
1116 784 1317 865 praetigurata
1337 782 1376 839 tuit

137 874 206 942 quie
220 869 372 925 mundatas
387 870 438 929 eat,
454 877 533 919 suam
547 862 726 916 sanationem
754 886 758 909 ι
784 862 894 913 vocatio
911 863 938 911 ct
952 855 1024 910 tides
1044 854 1232 925 Gentilium,
1250 872 1297 927 qui
1325 872 1376 936 scu·

136 940 235 999 virtuti
246 939 350 998 Christi
361 938 511 1008 deputans,
523 948 664 1003 repressus
675 936 726 1001 est,
755 962 758 993 i
784 928 840 986 turi
854 931 954 986 iterate
969 930 1050 982 erant
1073 926 1114 982 ad
1136 928 1237 985 tidem
1264 927 1373 997 Chrisu3

135 1029 196 1071 eum
208 1026 310 1081 mopso
321 1024 436 1079 ooee,ex
447 1004 514 1063 iudei
527 1011 555 1062 ct
568 1003 727 1061 devotionis
755 1002 758 1029 ¹
784 998 996 1083 acrepndiatie
1017 1002 1044 1054 et
1062 998 1201 1071 perfidia
1213 1000 1374 1081 ludaeorum,

135 1085 351 1157 magnitudine,
374 1082 555 1150 magnipendo
577 1080 676 1144 lienam
701 1080 728 1132 et
755 1070 758 1105 ⁵
784 1090 831 1141 otuu
852 1089 881 1128 m
901 1087 951 1128 suo
966 1086 1064 1126 errore
1092 1077 1186 1127 erant
1218 1087 1374 1129 remansuri.

133 1162 283 1231 tamqnam
302 1159 401 1228 gratus
430 1148 596 1208 tieneticium
621 1164 727 1219 recog·
754 1110 758 1191 i
783 1144 920 1202 Dominus
935 1147 1028 1200 autem
1045 1148 1076 1198 et
1093 1141 1126 1198 io
1157 1143 1258 1202 biset
1282 1146 1310 1201 iu
1326 1160 1373 1200 iiu-

136 1243 270 1299 nosceus,
292 1226 392 1284 cecidit
412 1238 464 1297 per
487 1221 674 1279 humilitatem
697 1223 728 1276 ia
754 1240 757 1279 :
784 1217 869 1274 uibus
882 1232 953 1287 quos
969 1213 1083 1297 saltarit
1101 1217 1130 1270 in
1152 1232 1296 1299 corpore,
1311 1231 1372 1272 saus

136 1304 250 1372 taciem,
267 1298 428 1371 antepedes
444 1296 503 1367 ejus
520 1297 599 1355 lesu.
615 1308 667 1366 per
682 1293 728 1349 de·
753 1306 757 1361 p
783 1289 823 1345 uit
850 1296 878 1345 ct
904 1288 933 1343 iu
953 1301 1065 1368 auuu11a3
1098 1287 1154 1343 sed
1185 1289 1218 1344 ln
1240 1298 1372 1373 postqum

138 1371 317 1432 rotiouemci
333 1367 523 1426 reuerentiam
535 1366 683 1431 exhibens,
700 1370 728 1420 et
754 1392 756 1401 ·
784 1362 899 1418 luemut
915 1366 1005 1415 sanati
1030 1375 1058 1414 uu
1077 1374 1225 1430 corpore,
1245 1368 1273 1419 ct
1285 1364 1372 1433 justiti·

136 1443 268 1503 adorauit
282 1458 360 1511 eum,
381 1442 490 1509 pretias
511 1453 562 1509 pro
587 1435 727 1493 beneficio
753 1454 757 1513 p
784 1432 839 1490 cati
857 1436 885 1489 in
900 1434 1005 1499 anima,
1026 1445 1059 1486 ac
1087 1430 1164 1488 boni
1188 1432 1273 1501 lacti,
1293 1440 1371 1516 palea

135 1514 323 1590 acceptosibi
348 1526 442 1581 opens.
474 1509 526 1566 Ubi
560 1508 729 1579 exprimitur
754 1530 757 1607 p
785 1509 955 1586 corruerunt
982 1502 1139 1585 agralia,
1175 1510 1207 1561 et
1234 1506 1301 1563 iactu
1322 1510 1370 1585 suut

137 1589 210 1645 tldes
229 1587 291 1659 ejus
316 1588 345 1641 et
370 1582 494 1643 devotio,
511 1581 728 1637 acbeucuoten-
754 1624 757 1657 ;
785 1577 852 1634 mali
873 1582 899 1632 ct
917 1579 1033 1647 ingrati.
1062 1575 1184 1657 beanda
1215 1594 1315 1636 eorum
1340 1588 1370 1631 n·

139 1659 189 1728 tia,
204 1667 233 1715 et
250 1654 366 1728 grandis
381 1653 505 1709 allectio.
529 1651 611 1708 Dedit
631 1657 728 1708 autem
785 1648 989 1722 gratitudinem
1014 1663 1108 1719 magis
1140 1651 1292 1719 confutat,
1318 1650 1369 1706 dun

135 1731 161 1787 ei
182 1722 318 1786 llduciam
333 1722 581 1800 appropinquandi
596 1723 726 1793 Domino,
785 1721 987 1793 alienigenam,
1003 1719 1050 1791 qm
1074 1719 1226 1792 redierat,
1244 1720 1368 1783 laudanda

135 1803 196 1877 jam
211 1808 342 1873 suscepta
371 1798 512 1870 purgatio.
535 1794 629 1852 Ceteri
648 1810 727 1877 vero,

137 1876 186 1946 qui
201 1871 294 1930 ludaei
313 1877 407 1938 erant,
430 1872 653 1942 permanserunt
677 1882 728 1923 uu-

137 1945 224 2020 gratl,
249 1960 302 2002 nee
323 1943 364 2011 ,ad
379 1941 523 2013 agendum
539 1942 648 2012 gratias
663 1944 729 1995 suot

137 2016 325 2090 reversioni
348 2012 459 2087 decepti
486 2029 503 2070 a
529 2011 727 2070 sacerdotibus

160 2090 242 2149 uibus
257 2106 288 2146 se
311 2094 597 2161 repraesentaturam,
623 2084 727 2155 otiique

136 2106 276 2219 iactatae
295 2159 399 2218 Christi
419 2162 448 2214 et
471 2156 616 2213 miraculis
632 2157 728 2212 detra·

137 2234 255 2300 hehaut,
275 2229 433 2287 secundum
457 2243 556 2283 eorum
584 2226 729 2283 informa-

136 2301 448 2359 tionemattribuerunt
459 2314 537 2354 suam
548 2298 728 2355 sanationem

137 2374 328 2432 observantia
351 2369 434 2442 Legis
456 2368 596 2439 llosaicae,
612 2385 676 2426 cum
698 2386 729 2427 se

137 2443 334 2504 sacerdotibus
347 2441 547 2510 ostendebant,
563 2446 592 2498 et
605 2459 659 2499 oon
674 2441 730 2498 vir·

137 2516 190 2576 luti
206 2514 324 2586 Christi,
339 2515 405 2572 licet
419 2529 437 2570 a
451 2513 591 2587 principio
606 2514 730 2571 ssdeliter

137 2595 167 2647 et
188 2590 290 2646 deuote
314 2586 481 2661 petivissent
504 2587 540 2644 ab
563 2602 597 2643 co
621 2585 727 2644 sanari.

136 2661 312 2733 Respondeas
325 2665 417 2717 cutem
430 2660 509 2715 Jesus
524 2659 617 2715 dicit:
633 2663 730 2719 Nonne

136 2735 227 2791 decem
247 2732 375 2788 mandute·
398 2734 483 2787 suat?
507 2734 543 2788 Et
563 2747 657 2787 nocem
681 2732 730 2786 ubi

135 2807 225 2865 suat?
242 2806 303 2861 Nou
321 2804 480 2875 interrogat
490 2803 629 2860 Dominus
648 2801 728 2875 quasi

136 2874 281 2948 nesciens,
311 2875 361 2935 sed
377 2875 506 2950 ingratos
521 2874 623 2947 quaerit
647 2874 729 2947 quasi

137 2950 146 3009 i
168 2965 285 3021 uocaus,
302 2954 330 3007 et
354 2948 389 3006 de
405 2965 503 3006 eorum
523 2946 729 3020 ingratitudine

137 2968 253 3099 (felem
275 3027 303 3080 et
326 3038 376 3080 eos
403 3021 577 3094 requirendo
603 3019 730 3078 ostendit

137 3095 192 3152 sibi
210 3094 335 3177 ignotos,
352 3094 381 3151 id
397 3098 440 3150 est
456 3094 635 3167 reprobatos.
652 3092 730 3173 Sicut

137 3166 215 3224 euim
231 3171 361 3237 ingratus
386 3180 444 3220 nou
470 3163 652 3238 recognoscit
678 3166 728 3221 Der

137 3236 320 3303 heneficium,
334 3235 376 3293 ita
395 3252 447 3293 uec
464 3237 538 3293 Deus
553 3236 655 3294 notitia
678 3251 727 3309 ap-

137 3307 318 3381 probationis
343 3307 524 3377 recognoscit
542 3306 661 3380 ipsum;-
681 3325 728 3364 re-

139 3384 364 3450 cognoscentem
381 3394 448 3435 cero
462 3393 493 3434 se
505 3380 686 3450 recognoscit
700 3384 729 3436 et

137 3448 146 3507 i
168 3465 208 3506 se.
223 3448 303 3506 Unde
318 3449 358 3506 ait
371 3450 446 3506 bede
462 3464 469 3505 :
487 3467 501 3502 c
516 3452 548 3506 Et
563 3450 665 3507 merito
678 3468 728 3509 eos

177 3521 279 3590 lcator,
295 3519 377 3592 quasi
392 3523 505 3593 ignotos
529 3520 576 3578 ubi
597 3528 665 3579 suut
677 3523 728 3580 iu-

138 3590 237 3665 quirit.
251 3591 329 3650 Scire
343 3591 418 3650 enim
448 3592 510 3665 Dei,
532 3593 656 3667 eligere:
676 3612 728 3652 uc-

136 3666 220 3733 scira,
236 3664 390 3737 reprobare
418 3670 486 3722 est:
511 3688 525 3721 u
550 3666 612 3723 haec
640 3668 726 3725 bedu.

136 3736 337 3810 blagisautem
356 3736 512 3795 dolendum
544 3744 587 3796 est
617 3738 653 3796 de
680 3757 726 3809 eo,

134 3808 182 3885 qui
208 3808 337 3882 aliquam
359 3808 483 3866 incurrit
510 3809 727 3885 ingratitudinis

133 3882 258 3957 culpam,
277 3897 363 3953 quam
390 3881 426 3938 de
442 3881 583 3941 henetlclo
622 3884 725 3941 audito.

132 3956 167 4014 ut
192 3956 268 4024 ideo,
285 3952 368 4025 quasi
393 3952 556 4027 plangendo
570 3900 724 4013 subditur:

132 4031 193 4087 Noa
208 4034 248 4085 est
268 4030 409 4095 iacentes,
427 4028 477 4097 qui
489 4028 591 4084 rediret
607 4035 633 4083 et
647 4030 727 4084 duret

130 4102 251 4171 gloriam
266 4102 332 4165 Dee,
358 4100 416 4156 alsi
432 4100 477 4153 bie
495 4101 663 4169 attemperas,
684 4100 725 4156 al·

133 4172 222 4230 terius
235 4171 344 4229 scilicet
359 4169 465 4245 gentis,
479 4170 526 4243 qni
542 4188 600 4227 nou
612 4178 674 4229 crat
689 4173 725 4230 dc

132 4244 248 4300 ludaeis.
274 4244 379 4301 lithoc
409 4242 606 4301 dictumest:
636 4244 679 4302 uel
709 4262 727 4302 a

785 1793 991 1858 courtmeudat3
1023 1790 1093 1861 ipuia
1123 1792 1213 1851 euim
1242 1796 1369 1853 humiliter

786 1872 853 1922 acute
877 1867 965 1922 Derim
987 1862 1197 1923 infirmitatem
1224 1882 1369 1939 suamcog-

785 1937 874 2005 nocit,
891 1936 955 1993 ideo
971 1936 1110 1992 hominus
1130 1940 1296 1997 consolans
1310 1956 1369 2008 eun,

785 2013 826 2065 ait
842 2011 887 2064 illi
902 2027 910 2064 :
926 2011 1023 2077 Saepe,
1040 2007 1156 2065 scilicet
1172 2027 1191 2067 a
1209 2011 1368 2083 peccatam

784 2098 840 2154 quo
852 2080 976 2152 jacuisti,
989 2080 1144 2151 cessando,
1155 2090 1187 2139 et
1201 2086 1275 2141 cede
1285 2086 1319 2142 de
1328 2084 1369 2140 vir

784 2158 843 2210 tute
854 2156 883 2208 in
897 2153 1042 2219 virtulem,
1053 2150 1082 2207 in
1092 2154 1290 2214 conversione
1299 2170 1368 2230 quam

783 2224 913 2308 incepisti
934 2223 1123 2297 proficicudo,
1153 2231 1229 2297 quiin
1243 2230 1368 2299 fidestan,

784 2314 840 2369 qua
850 2298 1024 2353 intellectum
1037 2297 1095 2351 ileo
1106 2299 1278 2363 subdidisti,
1288 2302 1367 2357 terat·

783 2386 847 2425 otim
868 2372 947 2438 feeit,
963 2368 1041 2425 etad
1060 2369 1195 2428 salntem
1212 2388 1266 2430 nou
1284 2372 1361 2429 solum

783 2441 922 2514 corporis,
939 2442 1029 2498 sedet
1045 2440 1154 2499 aalma
1173 2442 1365 2516 reduxitaipsa

785 2519 825 2571 est
844 2515 920 2570 enim
952 2511 1063 2569 initium
1090 2516 1323 2586 justificationis,
1345 2518 1369 2571 et

785 2586 975 2642 datilduciam
985 2582 1066 2656 regui
1078 2587 1221 2645 celestis.
1231 2589 1283 2647 Ubi
1291 2588 1368 2647 beda:

786 2680 801 2710 «
815 2660 842 2714 Si
860 2663 955 2713 antem
981 2658 1052 2713 fides
1081 2659 1197 2717 sati-um
1221 2660 1292 2717 tecit
1313 2674 1370 2717 eum

785 2729 879 2801 quise
901 2730 937 2786 ad
963 2731 1089 2803 agexxdas
1108 2730 1259 2789 salvatori
1273 2736 1370 2817 gratias

785 2800 950 2867 inclinarit3
968 2818 1035 2871 crgo
1053 2803 1180 2875 pertidia
1196 2805 1371 2877 perdutiteos

785 2872 832 2945 quii
850 2873 886 2929 de
915 2874 1039 2946 acceptis
1064 2876 1218 2933 beoellciis
1246 2878 1304 2935 Deo
1318 2876 1370 2949 glo·

786 2946 858 3002 riam
875 2946 945 3002 dare
961 2947 1148 3017 neglexerunt
1166 2966 1173 3004 :
1190 2970 1206 3001 »
1226 2950 1369 3007 harberto.

819 3023 835 3087 tp
852 3020 943 3075 Laruas
957 3036 1004 3075 asu
1019 3036 1156 3075 uaccxrcu
1181 3039 1209 3078 rx
1228 3040 1315 3079 sassa
1332 3036 1371 3077 ur·

784 3108 868 3147 ariao.
892 3123 927 3134 —
955 3093 1080 3163 blpstice.
1099 3106 1153 3164 per
1175 3093 1370 3167 lepramque

784 3169 827 3221 est
846 3163 990 3235 corruptio
1006 3162 1112 3233 caruis,
1125 3162 1264 3237 signatur
1282 3180 1370 3249 pecca·

784 3241 844 3293 tum
859 3235 990 3304 uuorhite,
1006 3234 1082 3307 quod
1099 3244 1142 3291 est
1155 3245 1308 3311 corruptio
1320 3238 1369 3295 ani·

784 3306 1367 3379 ntae.-Primo,quiacommuniteriule

784 3397 836 3453 pra
854 3396 905 3437 vox
918 3379 1041 3437 allicitur
1055 3378 1198 3451 invalida;
1215 3384 1259 3440 sic
1270 3382 1298 3439 iu
1312 3394 1366 3455 pec·

783 3460 880 3510 calore
896 3468 949 3508 uox
964 3457 1008 3509 est
1026 3450 1170 3523 invalida,
1189 3458 1296 3510 scitans
1310 3454 1366 3525 puio

780 3531 938 3598 peccatores
956 3528 1029 3580 Deus
1055 3540 1109 3580 aea
1137 3527 1234 3592 audit,
1260 3532 1290 3583 et
1311 3536 1365 3582 cutm

782 3596 975 3669 multiplicant
991 3595 1151 3653 orationem
1167 3614 1227 3654 non
1253 3594 1365 3655 exaudit.

783 3700 816 3710 —
832 3672 974 3737 Secundo,
988 3666 1055 3739 qnia
1072 3666 1101 3723 iu
1122 3668 1147 3725 lc
1171 3686 1241 3725 roso
1256 3680 1364 3743 corpore

782 3741 873 3798 multa
887 3741 987 3797 ulcera
1002 3738 1121 3809 minuta,
1158 3758 1211 3798 ura
1230 3749 1261 3799 et
1272 3749 1365 3799 rotuu·

782 3813 819 3869 da
833 3821 983 3881 crescnnt;
999 3811 1040 3868 sic
1055 3811 1083 3867 iu
1103 3813 1192 3869 corde
1215 3806 1364 3884 peccatoris

782 3886 880 3941 multa
901 3883 1136 3957 compunctiones
1159 3891 1191 3941 et
1216 3886 1364 3943 anxietates

781 3957 959 4014 diversorum
987 3961 1170 4029 peccatorum
1191 3961 1219 4013 et
1246 3957 1364 4013 circum·

782 4028 953 4086 slantiarum
966 4028 1292 4099 consurgunt,mimruut
1302 4038 1363 4085 scm·

781 4118 832 4175 per
857 4100 1039 4157 allectionem
1066 4102 1193 4157 hominus
1212 4102 1250 4158 ad
1272 4104 1363 4161 neon.

781 4180 809 4231 et
828 4173 952 4229 reddunt
972 4171 1115 4229 luorruinem
1139 4172 1246 4230 durum
1269 4180 1295 4231 et
1320 4186 1363 4227 re-

780 4246 884 4303 bellem
901 4246 958 4300 lleo
976 4251 1003 4301 et
1020 4246 1080 4317 eJ'us
1105 4244 1262 4313 mandatis,
1279 4250 1303 4302 et
1319 4254 1363 4317 per

134 4314 256 4385 Christo,
273 4318 302 4397 et
325 4320 394 4373 tunc
418 4321 500 4398 arant
531 4316 619 4375 verba
643 4316 725 4389 quasi
754 4318 834 4421 ph⁰⁰
854 4316 927 4371 lium
951 4317 1038 4374 corda
1062 4315 1213 4400 homiuum
1230 4320 1361 4401 ‘seccato

133 4389 335 4457 lamentantis3
350 4386 395 4446 vel
409 4386 518 4447 ductum
532 4393 577 4447 est
591 4388 627 4447 ab
638 4390 724 4447 Euan·
754 4426 757 4455 ς
781 4404 846 4447 rum
858 4388 985 4446 rotunda
999 4394 1028 4445 et
1052 4388 1181 4455 ductilia,
1198 4404 1239 4448 scr
1252 4392 1307 4447 icet
1330 4382 1363 4443 ad
