2820 4928
90 321 134 373 llO
439 310 598 368 SECUNDAE
626 311 745 365 lintis
771 308 876 361 citur
902 308 965 361 itti

87 425 203 498 pressit,
217 423 270 481 sed
283 420 351 493 quia
363 419 393 477 in
404 418 527 492 acceptis
541 418 629 476 robus
643 434 675 476 se

90 496 199 553 extulit.
225 492 307 551 Unde
334 494 562 561 chrysostomus:
582 511 595 544 o
612 492 674 547 lion

90 575 185 626 autem
200 566 275 639 quod
291 563 370 620 dives
394 568 454 620 erat
475 563 673 634 torquebatur,

87 641 137 697 sed
149 639 215 708 quia
231 637 364 693 misertus
389 651 445 691 nou
461 634 524 690 luit.
547 636 609 690 Non
624 651 672 691 ac·

87 717 212 778 cusator,
229 708 296 780 quia
309 725 354 764 res
367 706 476 763 alienas
490 704 598 774 tulerit,
613 723 672 762 iion

85 783 152 855 quia
168 780 280 837 adulter
298 779 391 846 luerit,
403 796 457 835 nou
479 777 547 848 quia
559 776 675 849 aliquod

89 855 196 911 malam
225 852 342 921 lererit;
359 848 459 907 solaiu
477 849 523 905 illo
540 864 673 906 cointem-

89 935 174 983 natur
189 923 362 995 superbiam
379 925 439 979 luen
453 922 673 993 chrysostomus.

126 1003 142 1054 8
158 999 267 1054 Fuiuiui
277 1011 413 1052 asisino
424 1012 512 1050 nonuii
521 1011 567 1057 oni
577 1011 676 1051 siresa

89 1086 236 1128 niniriusr,
266 1100 301 1111 ·-
328 1069 407 1123 Unde
432 1071 459 1124 et
491 1066 637 1135 Gregorius
666 1085 674 1121 :

91 1165 107 1194 «
128 1142 199 1199 ilino
225 1139 416 1222 colligendum
442 1142 486 1195 est
510 1154 568 1210 qua
591 1153 676 1210 piena

89 1213 271 1271 muletandus
285 1217 332 1280 sit,
351 1209 400 1284 qui
417 1208 511 1268 aliena
526 1207 633 1283 diripit,
652 1206 676 1265 si

88 1284 196 1344 interni
223 1284 406 1343 damnatione
433 1280 603 1355 percutitur,
628 1278 677 1353 qul

88 1358 206 1432 propria
224 1373 282 1413 non
303 1358 422 1429 largitur
438 1372 445 1411 ι
462 1376 476 1405 »
495 1357 557 1410 liaec
576 1353 676 1422 Gropo-

90 1434 160 1487 rius.
180 1433 303 1486 Penseut
316 1445 384 1498 ergo
408 1443 464 1483 non
481 1424 573 1482 solum
591 1441 677 1481 secu-

90 1502 176 1571 lares,
191 1500 241 1557 sed
254 1505 282 1555 et
296 1497 433 1568 religiosi,
449 1494 497 1569 qui
510 1494 678 1567 temporalia

90 1572 189 1629 illicito
213 1572 267 1627 sibi
292 1570 451 1633 attrahunt,
475 1566 517 1625 vel
538 1566 677 1638 detinent,

92 1661 149 1716 qua
170 1659 254 1715 poena
275 1639 408 1711 puniendi
425 1645 503 1707 suut,
519 1638 542 1695 si
558 1639 676 1695 damna·

90 1719 138 1771 tur
153 1713 209 1786 qui¹
226 1711 341 1786 propria
357 1729 414 1768 iion
430 1710 516 1767 dedit.
537 1710 588 1779 Qui
601 1709 678 1768 enim

91 1786 196 1854 aliena,
214 1801 264 1841 seu
279 1782 376 1840 illicite
395 1782 545 1855 acquisita,
566 1789 594 1838 et
612 1784 677 1840 red·

92 1858 186 1916 denda
203 1855 342 1925 detinent,
359 1861 459 1913 eontra
473 1855 523 1912 Dei
542 1855 678 1912 mandata

91 1935 220 2005 peccant,
237 1928 300 1986 sine
314 1927 415 2000 quibus
434 1944 517 1984 nemo
533 1932 626 2056 [otest
641 1928 678 1984 ad

92 2003 180 2060 uitam
195 2000 317 2073 ingredi,
333 1999 376 2058 rel
399 1998 512 2058 salvari.
545 2002 566 2055 ‘t
582 2004 678 2056 tamen

91 2074 172 2133 multi
188 2075 317 2143 credunt,
329 2075 377 2131 sed
391 2072 485 2142 stulte,
497 2075 583 2145 quod,
599 2080 680 2153 reatu

93 2152 181 2204 tantae
197 2147 310 2218 iujuriae
333 2162 392 2202 nou
416 2146 557 2204 obstante.
576 2159 679 2200 animae

93 2234 191 2276 eoruin
207 2217 385 2287 requiescant
400 2213 428 2271 iii
445 2232 523 2286 paco.
533 2217 602 2271 Nam
614 2216 681 2283 quia

94 2288 266 2346 couscientia
280 2304 354 2359 supe
370 2288 510 2344 torinatur
524 2287 680 2344 secuudum

94 2360 172 2417 idad
190 2358 265 2431 quod
278 2357 513 2428 honioalllcitur;
528 2358 590 2413 ideo
607 2360 679 2413 niul-

94 2430 116 2488 ti
137 2432 273 2503 pecunias
287 2434 313 2484 rt
326 2430 494 2501 temporalia
515 2428 598 2486 nimis
613 2430 678 2486 dili-

95 2510 204 2575 geiites,
219 2502 253 2558 de
266 2500 363 2558 illicito
377 2500 522 2572 acquisitis
536 2519 681 2558 conscien-

94 2575 163 2631 tiam
174 2590 231 2630 non
244 2574 361 2642 luriunt,
370 2572 466 2644 sicque
479 2574 528 2630 Dei
539 2581 681 2647 praecepta

96 2645 332 2712 contemnendo,
362 2650 390 2700 et
423 2662 474 2716 per
503 2662 681 2716 consequens

94 2716 254 2777 mortaliter
275 2716 429 2789 peccando,
447 2720 533 2775 Deum
557 2719 682 2788 grauiter

96 2790 254 2854 oflendunt,
273 2793 301 2845 et
315 2787 411 2845 omnia
426 2804 477 2847 sua
492 2789 521 2846 iii
536 2789 618 2846 bouis
638 2806 682 2847 ex-

96 2862 196 2919 ercitia
212 2862 331 2934 perdere
345 2877 401 2918 nou
421 2868 559 2919 metuunt.
576 2864 609 2918 Et
625 2878 682 2918 ma·

95 2934 170 2992 xime
184 2935 238 2990 lioc
253 2934 402 2990 attendant
416 2933 525 2991 domiui
540 2938 682 2990 terrarum

96 3012 124 3064 et
140 3012 280 3081 potentes,
292 3006 339 3077 qui
355 3020 453 3077 partini
470 3005 570 3062 timent
591 3014 683 3062 terras

96 3079 217 3135 alioruin
234 3076 288 3135 sibi
303 3079 457 3143 attrahere,
471 3084 500 3135 el
522 3081 616 3135 minus
631 3094 682 3150 po-

96 3156 189 3207 tentes
205 3150 231 3204 vi
251 3150 293 3206 vel
309 3149 562 3221 dolooppriniere3
578 3166 629 3206 noc
647 3149 683 3206 ad

96 3224 188 3278 Deum
209 3226 310 3276 cuncta
334 3229 497 3277 cernentem
518 3228 621 3277 curant
641 3239 683 3278 re·

98 3294 218 3365 spicere.
230 3291 259 3348 Si
275 3292 392 3347 arbores
402 3291 494 3348 soluin
508 3291 537 3349 in
551 3297 640 3348 altuni
655 3299 684 3350 ct

98 3379 157 3419 non
172 3362 201 3418 in
216 3361 304 3417 latum
320 3371 490 3427 crescerent,
506 3379 558 3419 nec
573 3380 603 3419 se
614 3365 684 3421 dila·

97 3441 201 3496 tarent,
213 3448 273 3488 una
285 3433 370 3489 aliaiii
386 3450 443 3488 non
454 3432 620 3504 impediret3
633 3436 683 3491 seil

97 3504 163 3578 quia
179 3509 309 3560 creseunt
320 3507 348 3559 iii
359 3505 448 3560 latum
460 3511 488 3561 et
503 3522 534 3562 se
549 3507 681 3577 dilatant,

99 3592 158 3633 uua
180 3574 300 3646 impedit
325 3574 429 3644 aliam3
460 3578 499 3634 ita
526 3578 601 3650 quod
626 3595 683 3635 uua

97 3648 683 3722 quaudoqueabscinditur,propteraliam

98 3719 152 3777 sibi
175 3719 308 3777 vicinam.
335 3718 380 3776 Sic
402 3736 484 3788 reges
503 3727 530 3778 et
554 3729 683 3794 potentes

98 3791 147 3864 qui
164 3792 269 3847 habent
284 3799 312 3848 et
329 3798 461 3862 querunt
475 3795 642 3863 dominium,
659 3793 683 3850 si

99 3865 190 3921 solum
204 3869 365 3921 crescerent
378 3863 409 3919 iii
423 3865 511 3921 altuni
523 3883 619 3922 versus
630 3883 682 3922 iete-

99 3936 167 4000 luiu,
184 3942 212 3992 et
227 3936 369 4008 erigerent
389 3951 419 3991 se
436 3936 471 3991 ad
487 3938 587 4006 ileum,
609 3953 682 3994 unus

98 4024 155 4065 nori
178 4008 329 4081 impediret
354 4006 458 4075 aliuni;
475 4014 503 4063 et
527 4009 594 4079 quia
615 4008 683 4064 dila·

99 4086 161 4136 taut
173 4098 203 4136 so
216 4083 278 4153 plus
301 4080 396 4136 deluto
411 4079 447 4136 ad
473 4087 594 4150 terrena,
611 4096 683 4151 pro-

99 4162 163 4223 pter
178 4155 230 4209 linc
245 4170 317 4210 uuus
331 4152 417 4209 aliuui
441 4150 569 4223 impedit,
585 4158 613 4206 et
627 4152 684 4208 alia

98 4223 153 4281 sibl
174 4226 300 4293 attrahit,
324 4242 359 4281 ac
381 4241 417 4282 ea
435 4240 510 4297 supe
529 4225 684 4281 hereneus

99 4293 157 4351 suis
171 4296 315 4369 relinquit.
334 4297 399 4362 Sed,
416 4312 475 4354 nou
489 4296 634 4369 gaudeant
648 4296 683 4353 de

729 418 784 475 hoc
798 416 840 471 tel
855 413 1027 488 glorientur,
1054 414 1128 488 quia
1143 417 1241 475 reniet
1253 426 1314 477 tein-

729 505 782 562 pus
810 504 865 615 quo
895 487 960 561 ipsi,
985 494 1143 559 tamquam
1170 492 1314 560 parochiani

729 561 815 618 diabo
829 559 848 628 i,
864 575 928 616 cuin
943 559 1032 616 dieite
1054 564 1085 617 iii
1104 561 1225 619 interno
1242 567 1315 636 sepul·

729 639 793 689 turo
808 635 884 687 esini
897 634 1088 702 sepelientur:
1107 640 1140 690 et
1155 634 1206 690 alii
1220 652 1266 704 per
1276 652 1314 692 eos

730 705 836 776 injuste
854 720 932 785 oppr·
944 703 981 759 ssi
996 706 1034 761 ad
1050 704 1190 778 requiem
1205 723 1265 763 cum
1277 709 1315 763 la·

731 794 796 833 zaro
812 776 1013 842 suscipientur.

767 872 782 921 9
798 848 970 904 Eiuonririo
982 867 1016 904 in
1033 867 1253 909 uisanicoiiniiii
1263 869 1315 908 iii·

730 937 849 977 oiesniii
865 938 896 975 ei
911 938 1110 978 riniani-ires
1135 942 1314 981 roisnimii.

735 1024 762 1033 w
784 991 908 1049 Audianl
936 994 989 1049 hoc
1016 994 1133 1051 terreni
1163 1004 1193 1053 et
1223 996 1315 1059 miseri.

731 1080 802 1136 quos
829 1062 920 1136 pulvis
938 1069 1023 1122 terrae
1055 1082 1137 1123 nune
1168 1068 1316 1137 excaecarit,

732 1136 799 1208 quia
815 1134 924 1192 venatio
936 1142 1003 1193 tuoe
1019 1137 1206 1197 intellectum
1227 1140 1267 1197 eis
1277 1140 1317 1196 da·

731 1207 783 1265 titt.
801 1207 879 1264 Unde
891 1209 932 1264 ait
945 1210 1154 1278 Augustinus:
1171 1234 1187 1264 α
1205 1212 1320 1270 Audiuit

732 1280 786 1335 ista
807 1278 918 1347 divites,
936 1280 984 1351 qui
1004 1281 1109 1337 nolunt
1134 1300 1200 1340 esse
1215 1282 1320 1341 miseri-

731 1352 842 1427 cordes.
853 1351 977 1407 Audiaut
986 1351 1025 1408 ilii
1039 1352 1188 1425 irrogaris
1200 1356 1254 1413 sibi
1264 1371 1319 1437 sup·

732 1420 829 1495 plicia,
845 1423 893 1494 qui
909 1424 955 1479 liic
969 1424 1073 1480 nolunt
1086 1441 1217 1497 erogare
1234 1429 1322 1484 subsi-

733 1494 921 1552 dia.Audiant
932 1511 1085 1568 pauperem
1097 1499 1322 1570 rel'rigerantem,

733 1564 851 1623 audiant
869 1567 985 1624 divitem
1017 1569 1116 1640 pretiis
1152 1571 1323 1641 gravioribus

734 1646 910 1695 aestuanteiii.
933 1641 1089 1696 Penseiitur
1116 1657 1189 1712 ergo
1210 1659 1263 1715 pro
1282 1642 1323 1698 di·

735 1709 1324 1787 vitiis,poenae;rotrigerium‚propauper·

734 1787 872 1864 tate;pro
890 1798 1014 1855 purpura
1028 1791 1058 1839 et
1078 1788 1176 1856 bysso,
1198 1789 1323 1853 llamma;

734 1858 864 1924 relectio,
895 1871 946 1927 pro
974 1855 1117 1923 nuditate,
1146 1867 1177 1914 ut
1201 1860 1281 1916 salsa
1294 1858 1325 1915 sit

736 1931 855 1997 aequitas
884 1933 1008 1995 staterae,
1034 1933 1064 1984 et
1085 1945 1147 1984 uon
1175 1930 1325 1987 mentiatiu

736 2000 836 2079 modus
861 1997 938 2055 illius
964 2016 1107 2056 mensurae
1124 2020 1134 2055 r
1153 2005 1186 2059 ln
1205 2020 1272 2074 que,
1286 2006 1324 2058 iii·

736 2076 807 2140 quit,
824 2087 951 2126 mensuro
966 2075 1052 2127 mensi
1062 2074 1193 2139 fueritis,
1205 2078 1324 2130 remetie-

737 2148 782 2197 tur
795 2143 882 2197 uobis.
900 2145 965 2199 ldeo
992 2150 1113 2213 negatur
1130 2146 1324 2203 misericordia

735 2212 826 2280 diviti,
844 2213 912 2284 quia
925 2214 995 2285 ipso,
1013 2218 1080 2271 duni
1097 2215 1225 2288 viveret,
1244 2218 1325 2275 noluit

736 2285 879 2354 misereri;
898 2286 961 2342 ideo
978 2303 1082 2356 rogans
1098 2288 1194 2359 dives,
1211 2307 1269 2347 noo
1287 2306 1325 2346 ei·

736 2357 849 2413 auditui·
864 2359 892 2413 in
905 2359 1063 2423 tormentis
1087 2361 1159 2427 quia
1178 2370 1324 2427 rouantciii

735 2445 888 2503 pauperem
906 2446 962 2486 non
976 2431 1122 2487 exaudivit
1146 2432 1177 2489 in
1204 2434 1324 2491 terris·

738 2505 773 2558 Ut
786 2502 957 2558 autemdicit
967 2503 1041 2557 itlctit
1057 2506 1326 2571 Aepusttnuszitto

737 2590 824 2646 giiuin
835 2575 983 2640 coeloruin,
996 2574 1124 2630 Veritate
1143 2584 1281 2646 testante,
1290 2578 1326 2635 di·

737 2647 858 2703 dicimus
875 2662 932 2701 nou
950 2645 1081 2715 divitum,
1095 2650 1149 2704 sed
1172 2662 1324 2722 pauperent

737 2734 813 2787 esse,
826 2717 847 2772 si
863 2716 951 2788 igitur
964 2734 1084 2789 regnum
1098 2727 1145 2775 est
1160 2736 1324 2791 pauperum,

737 2793 827 2846 restat
843 2796 872 2845 ut
898 2788 1027 2845 inl'eruus
1053 2806 1176 2863 regnum
1202 2793 1240 2850 sit
1259 2793 1323 2850 diti-

740 2870 809 2918 tum.
823 2860 955 2942 Quisquis
967 2862 1052 2932 igitur
1064 2863 1107 2918 vis
1125 2880 1255 2937 regnare
1266 2878 1322 2921 cum

738 2932 861 3001 Christo,
875 2937 949 2997 elige
965 2940 1162 3005 tiaupertatein
1177 2953 1245 2994 cuin
1259 2937 1322 3007 ipso,

740 3010 769 3060 ut
794 3003 956 3075 requiescas
972 3021 1036 3060 cuiii
1060 3007 1168 3063 Lazaro
1187 3008 1322 3065 mendico.

740 3080 827 3133 tiemo
843 3076 918 3132 euim
934 3083 1025 3148 potest
1036 3079 1242 3146 gaudererum
1255 3094 1324 3137 setu-

740 3149 779 3215 lo,
795 3153 825 3204 et
841 3165 960 3219 regnare
979 3164 1041 3204 runi
1057 3149 1192 3207 ltoniino.
1211 3152 1264 3220 Qui
1280 3150 1322 3222 igi·

740 3227 786 3276 tur
802 3220 860 3275 vult
875 3219 983 3291 epulari
1002 3236 1064 3276 curn
1078 3222 1178 3291 divite,
1189 3226 1323 3293 irruperat

740 3309 771 3348 se
791 3292 865 3347 iuter
887 3293 986 3361 epulas
1013 3292 1158 3349 ierniinus
1177 3298 1323 3366 gehenne,

741 3363 843 3434 inqua
860 3381 910 3433 pro
927 3362 1030 3433 uauitio
1055 3374 1261 3423 momentaneo
1277 3382 1324 3423 ar·

740 3435 818 3491 debit
840 3442 990 3507 perpetuo,
1006 3453 1072 3491 etim
1089 3437 1182 3506 caprile
1196 3456 1251 3494 suo
1268 3439 1324 3495 illa·

740 3508 816 3564 bolo.
843 3506 941 3563 liitelii
960 3508 1176 3579 commercium,
1201 3526 1255 3581 pro
1272 3518 1324 3566 tant

739 3578 819 3634 brevi
837 3579 953 3649 gaudio,
980 3580 1090 3635 coelesti
1117 3581 1224 3650 privari
1248 3597 1325 3638 are·

739 3651 816 3720 guel
836 3652 911 3706 Felix
925 3658 1088 3721 paupertas,
1106 3667 1158 3723 per
1173 3669 1263 3725 quam
1277 3670 1327 3709 ree·

740 3721 1146 3803 lestis'acquiriturhereditesl
1160 3725 1238 3780 Felii
1252 3741 1326 3782 com·

740 3809 886 3853 moreium.
904 3809 955 3865 pro
972 3793 1104 3863 perituris
1116 3802 1226 3853 aeteriia
1244 3794 1327 3854 susei-

742 3881 817 3934 pere,
833 3871 862 3920 et
876 3866 951 3936 quod
973 3866 1114 3921 incllaliito
1141 3868 1251 3925 lioauin
1275 3872 1326 3937 est,

740 3936 801 3992 sino
817 3940 871 3992 tine
890 3952 953 3991 euin
970 3939 1081 3993 tJliristo
1103 3942 1244 4009 regnaret
1262 3943 1293 3996 Et
1311 3954 1327 3994 e

739 4016 838 4064 contra
857 4007 1010 4064 iiiell'aliilis
1036 4010 1161 4079 miseria,
1191 4018 1327 4081 perpetua

741 4079 796 4149 pali
822 4079 959 4151 supplicia
983 4081 989 4134 l
1009 4102 1022 4131 u
1047 4084 1108 4137 lime
1136 4087 1324 4151 ituqustinus.

743 4151 820 4207 Unde
836 4158 864 4206 et
879 4154 1087 4221 tltrpsostomus
1103 4173 1111 4208 :
1128 4176 1143 4206 u
1157 4157 1328 4211 instruimur

740 4230 835 4279 autem
851 4238 936 4293 quain
952 4223 989 4278 sit
1003 4225 1075 4282 utile
1096 4224 1123 4281 ie
1142 4226 1251 4284 divitiis
1269 4240 1329 4282 non

740 4294 897 4352 contldere.
924 4297 996 4352 Eece
1020 4296 1100 4354 dites
1123 4296 1235 4371 indiget
1252 4313 1329 4371 pati·-
