2820 4928
280 419 320 478 ΒΕ
347 423 488 479 carullo·
515 424 554 482 sl
581 421 830 482 uxsruortllbo
855 420 1048 491 solstitii,
1076 427 1142 481 tlt.
1274 418 1321 479 269

126 531 295 587 bluunarro
310 546 440 588 canorus
464 549 493 588 rra
514 549 676 591 consuun—

88 618 500 671 rrorvnsecnnr,n1rrenanrrsa,
517 622 628 662 svsrrcs
644 624 676 662 ar

87 691 251 732 consecrer.
268 705 303 715 -
318 676 351 730 Et
365 675 512 734 sciendum
528 678 614 749 quod,
628 694 676 752 ap

87 747 301 818 propinquante
316 746 393 803 finali
414 748 532 820 jndicio,
547 749 575 806 in
598 752 674 806 omni

85 826 222 876 creatura
236 819 384 890 apparebit
399 821 532 877 turbatio.
550 821 675 878 Univer-

85 891 156 947 sitas
171 895 267 946 autem
286 899 483 948 creaturarum
499 893 594 948 reduci
611 899 675 966 pot-

86 968 129 1019 est
145 965 181 1019 οιί
197 968 320 1033 quatuor
331 980 448 1034 genera,
469 963 601 1022 videlicet
617 983 623 1021 :
640 966 676 1022 ad

85 1040 221 1091 naturam
231 1035 387 1102 coeleslcm,
403 1042 617 1096 elementarem.
632 1054 676 1092 ra-

86 1105 237 1175 tionalem,
266 1111 294 1163 et
322 1106 552 1165 intellectualem.
581 1111 675 1165 Primo

86 1196 168 1252 ergo,
193 1178 363 1236 describitur
385 1180 508 1237 turbatio
529 1183 556 1236 in
576 1186 677 1237 natura

88 1251 207 1316 coelesti,
225 1250 357 1308 videlicet
374 1268 381 1306 :
401 1256 436 1308 Et
455 1259 534 1307 erum
548 1255 630 1321 siplae
646 1257 676 1307 ω

87 1326 180 1381 soleet
193 1325 270 1390 tuno,
282 1329 308 1379 ct
322 1325 421 1387 stellis,
434 1327 461 1379 in
476 1324 578 1395 quibus
591 1329 676 1380 crunt

88 1394 188 1468 aliqua
200 1398 366 1468 apparentia
378 1393 504 1464 insolita,
523 1403 551 1452 et
567 1403 675 1453 naturae

89 1484 148 1524 suae
173 1466 381 1539 repugnantia3
412 1472 440 1523 et
455 1467 520 1524 ideo
544 1467 676 1524 dicuntur

89 1537 174 1612 signa
186 1554 250 1610 quae
266 1537 296 1594 in
315 1539 356 1595 eis
371 1545 466 1595 erunt.
482 1541 530 1597 Sol
543 1542 618 1596 enim
631 1541 677 1596 ob-

87 1612 258 1679 scurabitur,
274 1617 299 1666 et
324 1612 391 1667 tuno
414 1627 468 1668 nou
482 1611 562 1667 dabit
586 1614 676 1668 tomen

87 1699 181 1751 mum,
197 1687 223 1739 et
241 1684 327 1739 stellae
342 1685 440 1739 cadent
459 1684 493 1738 de
522 1684 595 1746 caeto,
617 1701 675 1741 non

87 1770 105 1811 a
123 1753 182 1811 situ
208 1770 271 1820 suo,
286 1754 362 1825 quod
383 1754 553 1811 naturaliter
570 1756 674 1827 impos·

87 1825 173 1883 sibile
189 1830 232 1882 est
247 1825 321 1894 lieri,
349 1843 413 1883 cum
429 1832 506 1883 terra
521 1842 579 1883 non
595 1828 674 1883 sulti-

88 1904 168 1954 ce-ret
181 1913 279 1954 earnm
294 1897 495 1968 magnitudini,
513 1906 542 1954 et
556 1914 675 1971 corpora

87 1969 215 2026 coelestia
231 1974 365 2026 maneant
385 1970 413 2025 in
434 1975 536 2027 natura
556 1986 608 2026 sua
631 1969 675 2025 in·

89 2048 173 2114 tegra
188 2059 196 2110 ;
212 2041 261 2097 sed
272 2047 389 2114 propter
404 2041 521 2098 nimiam
533 2041 676 2098 scintilla-

88 2112 199 2169 tionem
211 2129 274 2184 quae
289 2113 342 2169 erit
356 2112 386 2169 in
407 2129 483 2175 aere.
512 2114 614 2171 cadere
635 2113 676 2168 vi-

90 2185 271 2241 debuntnra
298 2200 349 2242 suo
374 2184 490 2254 lumine,
519 2202 574 2241 non
602 2186 676 2257 qnod

92 2272 126 2313 eo
150 2256 308 2327 priventur,
323 2272 387 2312 cum
417 2257 453 2312 sit
472 2256 513 2314 eis
537 2258 675 2323 naturate,

91 2327 142 2384 sed
158 2326 225 2399 quia
248 2328 398 2385 vincuntur
414 2329 541 2456 amaffri
558 2332 674 2386 tumme.

92 2403 158 2456 llaec
185 2400 262 2456 enim
289 2399 441 2457 luminaria
472 2401 619 2458 oscurari
649 2407 677 2458 et

92 2473 195 2529 cadere
215 2473 358 2541 dicuntur,
383 2472 594 2545 comparatione
620 2488 677 2529 ma-

87 2542 162 2615 joris
191 2543 260 2600 lucis
287 2544 523 2615 supervenientis,
554 2543 620 2615 quia
646 2543 676 2600 in

90 2613 215 2687 glorioso
237 2616 339 2672 Clrristi
367 2618 501 2684 adventu,
522 2624 676 2687 apparente

90 2703 166 2743 verae
180 2687 270 2760 gloria
286 2687 366 2755 lucis,
393 2687 490 2744 onmia
515 2687 613 2744 mundi
635 2687 677 2743 lu·

89 2757 170 2816 mina
196 2758 322 2816 tenebris
337 2767 538 2830 comparantur
561 2765 590 2816 et
614 2775 676 2815 um·

88 2830 164 2899 bris;
178 2829 250 2888 sicut
265 2831 354 2888 stellae
375 2847 433 2887 uon
454 2834 602 2904 apparent,
618 2831 677 2889 sole

89 2901 211 2972 oriente,
225 2909 253 2959 et
272 2903 368 2960 lumen
390 2903 516 2960 candelae
530 2920 588 2960 non
603 2903 677 2960 lucet

89 2973 120 3030 in
136 2973 193 3031 die.
221 2976 300 3031 Unde
323 2975 364 3031 ait
383 2976 481 3032 Beda:
499 2997 513 3028 «
533 2974 633 3032 Sidera
647 2975 676 3031 in

92 3044 139 3101 die
158 3044 258 3117 judicii
280 3045 450 3105 videbuntur
464 3047 594 3116 obscura,
619 3063 677 3103 non

91 3116 280 3174 diminutione
294 3135 352 3175 suae
365 3117 435 3175 lucis
450 3119 613 3187 accedente,
627 3119 677 3175 sed

91 3188 312 3261 superveniente
327 3190 457 3247 claritate
476 3189 536 3247 veri
550 3189 677 3260 luminis,

93 3261 149 3317 boc
161 3265 205 3317 est
219 3261 321 3318 summi
342 3261 460 3329 iudicis,
479 3277 543 3319 cum
566 3261 678 3318 venerit

94 3330 125 3389 in
143 3333 291 3404 majestate
308 3350 370 3402 sua,
398 3339 427 3390 et
446 3333 548 3399 Patris,
570 3339 598 3389 et
611 3335 678 3390 San-

92 3411 204 3461 ctorum
218 3409 247 3460 et
260 3406 444 3478 Angelorum3
466 3405 594 3477 quamvis
608 3405 678 3462 nihil

91 3474 244 3548 prohibeat
276 3476 394 3550 intelligi
425 3477 562 3534 veraciter
589 3478 678 3534 solem

91 3555 163 3604 ωηο
180 3553 209 3604 et
225 3548 320 3604 lunam
333 3565 397 3605 cum
413 3548 555 3606 sideribus
577 3550 679 3606 ceteris

93 3620 129 3677 ad
155 3627 268 3692 tempus
282 3637 332 3677 suo
349 3619 456 3677 lumine
475 3621 592 3694 privari,
606 3639 678 3695 qno-

92 3691 178 3747 modo
191 3691 298 3748 desole
312 3693 416 3748 lactum
430 3699 539 3750 constat
551 3701 678 3765 tempore

91 3762 248 3819 Dominicae
271 3764 422 3833 Passionis,
441 3765 509 3820 luna
523 3767 600 3820 enim
612 3770 679 3820 tunc

90 3835 241 3906 temporis,
252 3851 315 3891 cum
326 3842 401 3893 esset
410 3835 505 3907 plena,
516 3836 569 3891 sub
581 3837 678 3892 abdito

93 3912 179 3962 terrae
194 3906 312 3964 latebat.
336 3909 479 3975 Ceterum,
502 3913 618 3979 peracto
634 3909 679 3964 die

90 3977 203 4050 judicii,
223 3984 251 4034 et
279 3979 452 4036 clarescente
472 3979 573 4035 lutnrae
589 3978 680 4050 gloria

94 4049 170 4115 vilae,
182 4066 247 4106 cum
258 4051 343 4107 luerit
355 4051 457 4107 coelum
470 4067 574 4107 novum
587 4057 614 4107 et
627 4057 680 4106 ler-

93 4139 125 4178 ra
137 4138 222 4191 nova,
232 4128 299 4178 tunc
310 4123 359 4179 llet
369 4124 444 4194 quod
459 4123 544 4179 isaias
555 4123 680 4192 Prophe-

94 4201 124 4250 ta
146 4193 188 4251 sic
211 4193 355 4266 praedicit:
369 4199 405 4250 Et
418 4199 469 4251 erit
482 4197 531 4250 tuor
544 4196 614 4250 tunae
627 4197 680 4248 sic-

94 4271 126 4321 ut
151 4267 301 4331 tuccetis,
324 4272 349 4322 et
368 4269 418 4321 loo
432 4269 499 4322 solis
523 4266 680 4339 septempli-

95 4340 165 4394 citer
176 4341 248 4395 sicut
262 4341 312 4396 tuae
326 4344 426 4410 septem
443 4340 569 4396 dierum:
591 4361 601 4391 ι
619 4339 681 4394 lraec

95 4409 180 4468 Beda.
205 4441 238 4454 —
251 4408 375 4486 Mystico,
407 4409 533 4471 Ecclesia
561 4410 682 4484 pulchra

727 533 844 602 utluna,
855 532 945 590 electa
961 537 991 588 ut
1006 533 1059 601 sol,
1075 538 1103 588 et
1119 550 1183 606 qnae
1198 543 1311 597 noctem

728 604 826 661 mnndi
841 604 980 660 illuminat
997 610 1027 660 ut
1049 606 1150 676 stellae,
1167 614 1234 666 tunc
1255 627 1312 668 ηοη

728 676 874 760 apparebit
890 675 985 750 impiis
1011 676 1085 733 ultra
1118 680 1232 738 modum
1263 700 1313 740 sae·

729 751 883 815 viantibus3
905 755 932 804 et
955 749 1057 805 cedent
1074 755 1311 823 persequentibus

729 837 762 877 ac
784 821 981 877 cadentmulti
1010 819 1058 891 qui
1086 823 1178 893 gratia
1207 827 1314 898 t'ulgere

729 894 908 960 videbantur,
925 892 1079 964 etquidem
1093 895 1191 951 fideles
1207 896 1311 954 lirinis-

730 965 794 1021 simi
810 967 1009 1022 turbabuntur.
1030 997 1063 1006 -
1079 969 1103 1021 ll
1117 968 1223 1023 naliter
1233 986 1313 1040 vero,

731 1055 781 1108 per
795 1037 884 1094 solem
909 1043 998 1094 slatus
1027 1039 1214 1106 perlectorum
1242 1041 1315 1098 desi·

730 1116 842 1180 gnatnr,
857 1125 955 1165 eorum
982 1110 1057 1163 enim
1075 1115 1118 1165 est
1142 1111 1178 1166 ad
1200 1114 1315 1170 modum

729 1183 798 1239 solis
813 1182 933 1238 inlinere
948 1180 1011 1236 aliis
1026 1190 1054 1236 et
1069 1181 1246 1251 illuminare;
1268 1201 1317 1254 per

729 1253 825 1310 lunam
841 1258 929 1309 status
943 1252 1153 1321 proficientium
1167 1256 1316 1324 significa-

730 1330 785 1392 tur,
820 1326 856 1382 ad
884 1340 956 1396 quos
982 1324 1105 1396 pertinet
1128 1326 1317 1384 exterioribus

729 1396 867 1454 exercitiis
898 1394 1041 1464 virtuosis,
1067 1411 1130 1467 quae
1153 1405 1218 1453 sunt
1242 1398 1318 1457 circa

731 1471 949 1524 mutabilitatem
976 1468 1167 1526 humanorum
1191 1477 1315 1539 actuum,

729 1539 914 1606 insistere,ad
928 1538 1142 1597 similitudinem
1156 1545 1239 1608 lunae,
1251 1559 1315 1614 quae

717 1611 805 1668 'inter
819 1613 950 1695 planetas
976 1610 1137 1682 specialiter
1164 1612 1250 1669 habet
1275 1615 1317 1670 in·

729 1687 974 1756 lluentramsuper
1002 1683 1223 1741 mutabilitatem
1251 1684 1319 1742 isto-

729 1773 792 1813 rum
806 1754 982 1823 inleriorum3
998 1770 1050 1827 per
1069 1756 1166 1812 stellas
1182 1773 1248 1813 vero
1263 1765 1307 1815 sta

728 1834 775 1884 tus
794 1827 988 1899 incipientium
1008 1827 1156 1899 accipitur,
1186 1827 1222 1885 ad
1245 1844 1317 1900 quos

730 1899 853 1971 pertinet
886 1898 1029 1969 praeterita
1056 1907 1172 1971 peccata
1201 1900 1317 1972 deplan-

731 1987 798 2042 gere
815 1975 873 2027 eta
888 1969 990 2025 tuturis
1004 1986 1119 2038 cavere;
1135 1970 1224 2026 stellae
1239 1972 1316 2028 enim

731 2041 884 2099 emissione
899 2040 1043 2098 radiorum
1061 2057 1158 2098 aerem
1172 2041 1316 2112 impurum

731 2116 881 2186 depurant,
907 2118 935 2168 et
949 2129 1048 2169 earum
1062 2112 1164 2169 virtute
1188 2114 1318 2170 aufertur

732 2185 870 2243 amuudo
891 2183 1019 2241 interiori
1034 2184 1203 2268 pestilentia*
1221 2202 1317 2243 corru-

731 2258 817 2331 ptela.
838 2260 867 2312 ln
884 2256 1011 2328 quolibet
1036 2262 1155 2313 istorum
1180 2262 1315 2327 statuum,

731 2337 762 2388 ut
781 2331 906 2386 Verbum
926 2335 1065 2386 aeternum
1081 2328 1257 2402 concipiatur
1286 2329 1317 2387 in

731 2407 836 2469 mente,
854 2402 959 2458 debent
987 2406 1064 2457 certa
1085 2401 1167 2484 signa
1191 2418 1316 2473 praecur·

731 2490 804 2530 rere.
820 2475 850 2528 ln
863 2473 922 2529 sole
934 2488 1057 2555 namque
1069 2473 1190 2544 legimus
1203 2473 1319 2531 accidis·

730 2562 761 2600 se
775 2547 886 2615 signnm
901 2545 1040 2613 stationis,
1052 2544 1165 2614 signum
1177 2551 1319 2617 retrograf

731 2616 854 2673 dationis
872 2620 901 2670 et
917 2619 1030 2687 signum
1049 2615 1266 2672 obscurationis.
1283 2620 1318 2674 Et

731 2689 761 2744 in
773 2688 988 2769 sole,quantnm
998 2687 1035 2743 ad
1049 2687 1186 2757 perlectos
1195 2687 1317 2758 liguran-

731 2761 794 2830 dos,
812 2758 962 2828 accipitur:
981 2758 1073 2831 primo
1093 2760 1177 2815 debet
1196 2775 1256 2816 esse
1276 2760 1319 2816 si-

731 2848 817 2904 gnum
838 2829 978 2899 stationis,
993 2835 1022 2887 et
1035 2831 1089 2887 hoc
1106 2847 1156 2903 per
1170 2830 1274 2887 mentis
1288 2831 1318 2889 in

734 2906 789 2960 Deo
805 2901 1050 2970 stabilitationem,
1064 2918 1099 2959 ne
1115 2901 1199 2958 variis
1213 2902 1318 2985 cogita-

733 2973 857 3032 tionibus
885 2978 1036 3045 evagetur,
1066 2973 1220 3030 secundum
1248 2974 1318 3032 illud

734 3046 907 3104 Psalmistae:
923 3048 1003 3101 Jocte
1017 3049 1166 3114 capitatum
1178 3050 1254 3101 tuum
1267 3063 1317 3102 sn·

731 3136 781 3192 per
789 3120 948 3184 Dominum
960 3116 1095 3182 secundo,
1106 3115 1218 3187 signum
1231 3122 1320 3174 retro-

732 3188 910 3263 gradationis
938 3204 989 3261 per
1015 3186 1262 3260 contemplationis
1289 3195 1318 3246 et

732 3261 853 3319 actionis
868 3260 1095 3329 alternationem,
1113 3261 1268 3317 secundum
1282 3261 1317 3317 il·

733 3334 781 3391 lud
803 3332 956 3389 Ezechielis
976 3332 1126 3405 Prophetae
1147 3349 1153 3388 :
1174 3333 1320 3390 Animalia

733 3407 811 3462 ibent
820 3404 1070 3461 etreocrtebontur:
1082 3403 1217 3461 animalia
1230 3403 1317 3476 enim,

733 3478 762 3535 id
775 3482 818 3534 est
832 3481 985 3533 sectatores
994 3477 1170 3549 Evangelicae
1184 3477 1319 3550 perlecti-

733 3549 807 3619 onis,
828 3550 933 3605 vadunt
951 3549 987 3605 ad
1010 3547 1097 3604 vitam
1116 3549 1319 3620 contemplati-

733 3638 808 3686 vam,
824 3620 933 3691 inqua,
952 3620 1020 3691 quia
1035 3620 1083 3676 diu
1097 3619 1245 3676 immorari
1261 3636 1319 3676 non
1344 3663 1348 3671 .

733 3692 908 3765 praevalent,
931 3698 1112 3747 revertuntur
1126 3692 1162 3746 ad
1181 3694 1316 3760 activam,

733 3763 828 3831 terlio,
844 3762 956 3832 signum
970 3762 1175 3818 obscurationis
1190 3777 1240 3832 per
1254 3778 1318 3833 pro-

734 3836 804 3908 priae
816 3834 915 3905 gloriae
925 3833 1156 3899 exinanitionem,
1172 3841 1203 3888 ut
1217 3838 1245 3888 in
1260 3832 1317 3889 suis

735 3906 824 3963 oculis
843 3905 914 3962 nibil
933 3922 963 3961 se
978 3922 1039 3962 esse
1060 3908 1201 3976 reputent,
1219 3903 1259 3960 sic
1274 3919 1318 3959 se·

735 3977 886 4048 metipsum
909 3978 1070 4033 obscuravit
1093 3977 1255 4047 Apostolus,
1273 3974 1319 4031 di-

736 4066 818 4107 cens:
834 4053 960 4119 Eposum
966 4051 1096 4103 minimus
1106 4049 1317 4117 Apostolorum

735 4128 764 4178 et
776 4124 904 4193 sequitur
921 4140 928 4176 ε
950 4121 1048 4177 (trotio
1062 4121 1111 4173 Dei
1124 4135 1184 4173 sum
1198 4118 1230 4173 id
1244 4119 1318 4188 quod

735 4210 805 4249 sum.
816 4196 847 4249 ln
863 4194 1072 4262 lunaquantum
1080 4190 1116 4246 ad
1125 4188 1316 4260 proficientes,

735 4266 821 4322 debet
834 4280 973 4346 apparere
989 4261 1100 4334 signum
1123 4259 1319 4318 conversionis

735 4335 766 4394 in
783 4350 963 4408 sangumem,
986 4349 1036 4407 per
1064 4332 1205 4391 Passionis
1218 4333 1229 4405 j
1270 4348 1316 4389 em

736 4407 973 4479 recordationem,
995 4404 1071 4464 unde
1093 4404 1135 4464 eis
1151 4403 1254 4464 dicitC
1277 4405 1316 4464 ri-
