2820 4928
136 340 168 395 tt
503 339 662 393 staulam
688 338 809 393 alulit
836 338 940 392 carot
967 339 1000 391 vt

144 451 199 510 mia
221 455 251 510 et
265 448 424 536 peregrinis
437 465 488 507 seu
514 448 688 521 pauperibus
702 454 732 506 et

146 526 201 583 sibi
216 524 337 581 invicem
351 521 468 579 caritate
488 522 614 578 iraterua
628 522 730 578 subve-

146 596 239 659 niunt,
272 595 301 651 in
331 594 423 677 primo
449 594 540 666 gradu
564 592 731 662 consistent,

146 667 289 737 angelicis
301 666 448 733 apullibns
462 665 612 739 ecumquati.
632 698 661 711 -·
678 663 731 733 Qui

141 755 210 795 vero
223 738 353 796 oratione
363 744 391 795 et
401 737 551 795 devotione
563 737 732 795 familiarius

138 813 201 869 beo
215 810 378 876 intendunt,
393 806 426 867 et'
436 809 570 883 proximis
585 826 665 866 snam
679 810 730 865 do-

142 881 276 953 ctrinam,
291 882 452 951 eonsilium,
464 881 658 953 auxiliumque
676 881 729 938 im.-

142 954 281 1025 pendunt,
294 953 324 1011 in
340 955 467 1011 secundo
480 955 582 1026 gradu,
596 954 730 1011 Archan-

144 1025 241 1099 gelicis
258 1026 406 1095 spiritibus
418 1026 626 1084 intercutan-
641 1024 731 1108 Elqui

143 1113 174 1155 se
189 1103 322 1155 exercent
341 1097 370 1154 ia
389 1097 536 1171 patientia,
554 1096 729 1169 obedientia,

142 1177 172 1227 et
185 1169 347 1228 uoluntario
369 1175 548 1245 paupertate,
564 1176 593 1226 et
608 1169 731 1227 bumili-

138 1246 209 1312 tate,
223 1258 381 1315 omnesque
397 1245 517 1300 virtutes
531 1242 643 1300 sortiter
658 1258 729 1313 per*

138 1319 239 1386 agunt,
259 1315 374 1372 tertium
389 1315 510 1385 gradum
530 1330 594 1371 cum
610 1313 727 1370 Virtuti.

139 1387 194 1444 bus
209 1388 414 1444 conscendent.
434 1418 462 1428 -
480 1386 530 1453 Oui
543 1392 639 1441 auteur
654 1384 730 1440 vitiis

140 1464 169 1515 et
183 1457 421 1530 concupiscentiis
436 1458 618 1523 reluctantes,
634 1455 729 1512 diabo-

138 1529 198 1585 lum
213 1545 277 1585 cum
293 1528 401 1586 cunctis
419 1527 649 1599 suggestionibus
670 1526 728 1583 suis

141 1599 485 1668 contemnuut‚innuarto
496 1598 586 1671 gradu
601 1614 665 1655 cum
676 1599 728 1654 Po-

140 1670 292 1728 testatibus
308 1673 481 1743 triumphum
498 1669 596 1742 gloriae
616 1669 726 1726 obtine·

139 1742 225 1800 bunt.
245 1773 280 1784 -
290 1741 344 1810 Qui
359 1758 426 1799 vero
440 1743 467 1798 in
476 1741 610 1807 Ecclesia,
622 1740 728 1798 anima·

140 1829 203 1871 rum
219 1830 303 1871 curas
318 1819 345 1870 et
358 1814 527 1886 praelaturas
537 1813 589 1871 sibi
599 1813 728 1870 commis·

139 1901 185 1943 aas
213 1886 330 1943 benere
373 1891 404 1942 nt
418 1893 446 1944 et
465 1886 641 1955 ministrant,
658 1890 726 1942 ani-

140 1973 253 2014 marum
269 1957 332 2015 lucr
344 1975 367 2028 s,
387 1958 433 2015 dia
452 1966 593 2030 noctuque
617 1956 727 2027 invigi-

142 2029 283 2097 lantes,et
294 2033 334 2087 sie
346 2031 454 2089 talenta
464 2030 517 2088 sibi
528 2030 635 2087 credita
650 2047 726 2087 sum·

139 2117 187 2159 mo
216 2105 366 2161 conamine
388 2103 584 2176 duplicantes;
609 2100 639 2159 hi
662 2118 726 2158 curn

140 2173 352 2245 Principatibua
373 2177 403 2230 in
430 2176 529 2246 quinto
555 2174 645 2245 gradu
665 2173 725 2244 glo-

140 2243 212 2300 riam
229 2245 308 2316 regni
328 2260 379 2326 pra
404 2244 501 2301 labore
526 2261 576 2301 auo
592 2245 726 2317 posside-

139 2316 221 2373 bunt.
237 2347 269 2357 -
286 2318 338 2383 Qui
354 2322 448 2373 auteur
464 2315 567 2372 divinae
583 2316 725 2387 majestati

138 2392 302 2444 reverenter
321 2403 386 2444 cuna
412 2391 487 2444 omni
506 2386 606 2445 humili
625 2388 726 2460 subje-

138 2458 231 2516 ctlono
247 2475 277 2514 se
291 2458 440 2529 inclinant,
449 2464 478 2516 et
492 2461 617 2533 precius
633 2459 726 2532 gloria

139 2547 254 2589 omnem
269 2529 415 2587 hominem
433 2539 600 2588 retenentur
617 2536 645 2588 et
660 2529 725 2587 dili-

140 2606 222 2686 gunt,
239 2606 268 2658 et
279 2602 394 2674 quidem
410 2606 594 2675 semetipsos,
610 2602 677 2675 quia
689 2603 725 2659 ad

139 2676 294 2743 imaginem
306 2673 356 2731 Dei
368 2674 433 2730 lacti
442 2678 558 2743 sunt,se
567 2675 654 2731 etiam
667 2676 724 2730 ileo

138 2746 724 2819 qraantnmpossuntconiormant‚carnem

136 2833 217 2875 suam
232 2817 345 2891 spiritui
358 2817 552 2890 sublimantes,
573 2822 659 2891 atque
680 2819 724 2873 in·

139 2889 281 2948 ceativum
310 2891 526 2959 mortillcantes,
552 2890 648 2948 animo
672 2905 725 2947 suo

138 2962 330 3027 dominantes,
351 2964 434 3020 etad
457 2963 583 3021 coelestia
602 2962 724 3020 transla-

136 3040 249 3105 reutes;
276 3034 391 3092 hicum
422 3034 670 3093 Dominutlonibus
696 3035 724 3090 ia

137 3116 216 3162 serto
234 3110 323 3174 gradu
341 3107 530 3164 exsultabunt.
543 3138 577 3153 -
590 3106 642 3175 Qui
657 3123 724 3162 vero

140 3177 245 3233 sedulae
261 3177 438 3233 meditationi
450 3182 480 3232 et
491 3179 724 3249 contemplationi

140 3247 309 3315 inserviunt,
329 3263 362 3304 ac
386 3247 480 3303 cordis
500 3248 681 3315 munditiam,
697 3254 725 3304 et

139 3317 243 3374 mentia
264 3317 499 3389 tranquillitatem
516 3320 724 3389 amplectenda,

139 3388 349 3460 quierisstmum
363 3389 393 3446 in
408 3406 438 3446 se
453 3392 511 3447 Deo
526 3390 659 3447 exhibent
672 3392 723 3447 ba-

138 3459 311 3529 bitaculum3
330 3464 376 3532 qui
393 3461 495 3519 merito
508 3461 660 3535 paradisus
674 3462 723 3520 Dei

135 3531 272 3604 appellari
293 3532 436 3603 diruatur,
457 3534 538 3606 justa
555 3533 624 3591 iltuo
646 3552 652 3591 :
672 3538 724 3591 lle-

136 3605 206 3659 liciar
212 3621 275 3661 meae
284 3612 350 3661 sunt
358 3622 414 3661 cese
424 3622 484 3662 cum
494 3610 562 3677 filiis
573 3609 723 3677 homiuum,

66 3706 75 3719 ·
115 3674 170 3731 .de
186 3674 288 3746 quibus
308 3678 394 3733 etiam
410 3677 499 3737 dicit:
520 3680 676 3736 Ambaluba
693 3682 724 3734 in

136 3750 185 3816 ets,
208 3752 233 3804 et
252 3748 382 3807 latitate
406 3766 466 3807 cum
490 3753 539 3818 ets,
556 3751 586 3809 ia
602 3750 724 3825 septimo

784 448 874 522 gradu
892 447 1015 506 Theonis
1037 448 1237 509 sociabuntur.
1257 481 1295 497 -
1324 453 1373 521 Oui

784 527 880 579 autem
899 521 1018 579 scientia
1036 528 1064 579 et
1084 523 1253 594 cognitione
1272 526 1373 583 ceteris

785 593 921 661 emineat,
949 595 998 667 qui
1028 593 1165 665 singulari
1199 596 1375 655 beatitudine

785 667 874 722 Deum
893 665 964 725 sacia
985 667 1021 723 ad
1042 666 1154 735 faciem,
1181 674 1283 725 mente
1308 669 1374 726 illu-

784 742 892 807 strata,
918 737 1105 811 conspiciunt,
1132 747 1160 795 et
1182 755 1219 796 ea
1249 757 1317 812 quae
1346 759 1374 800 aa

783 808 845 880 ipso
861 810 938 866 lonte
953 810 1044 867 omnis
1059 809 1209 882 sapientiae,
1225 813 1372 883 hauriunt,

783 897 836 954 per
845 881 1003 939 doctrinam
1014 889 1042 939 et
1053 881 1298 942 illuminationem
1311 886 1374 943 alia

783 970 847 1010 rum
864 952 893 1009 in
913 952 1006 1025 ipsum
1031 954 1198 1024 retundunt,
1224 955 1255 1012 in
1277 962 1373 1014 octauo

784 1024 959 1082 ascensionis
982 1026 1084 1097 gradu,
1113 1041 1177 1083 cum
1206 1027 1373 1087 Cberubiris

784 1095 941 1167 spiritibus,
950 1097 1129 1155 locabuntur.
1141 1130 1174 1145 -
1183 1100 1277 1171 Etuai
1287 1103 1373 1159 Deum

783 1170 942 1226 totocorde
958 1174 986 1226 et
1001 1177 1098 1227 mente
1118 1169 1255 1241 diligunt,
1272 1177 1302 1228 et
1319 1173 1373 1245 igni

783 1248 903 1309 aeterno,
919 1241 969 1313 qui
984 1243 1059 1298 [leus
1069 1248 1112 1298 ost
1124 1258 1155 1298 se
1167 1248 1244 1298 totos
1255 1242 1373 1301 imme-r·

783 1317 863 1384 gunt,
881 1312 963 1384 eique
982 1313 1117 1371 simillimi
1142 1313 1221 1385 lacti,
1234 1316 1299 1388 J'am
1320 1333 1373 1373 non

783 1400 847 1450 stro.
870 1385 919 1440 sed
937 1384 1032 1441 divino
1049 1402 1156 1453 amora,
1179 1386 1254 1443 sicut
1280 1388 1373 1445 dilecti

783 1457 819 1513 ab
835 1458 895 1528 ipso
909 1461 983 1517 sunt.
999 1456 1122 1528 diligunt
1145 1458 1245 1515 omnia
1257 1458 1289 1515 in
1307 1463 1372 1530 Deo,

782 1532 875 1584 ettam
891 1527 1021 1584 inimicos
1034 1545 1119 1599 uuam
1129 1529 1237 1587 amieos
1251 1531 1375 1599 diligunt

782 1602 1003 1672 proptersulum
1014 1602 1374 1729 Deum,3uosqriidemab

782 1687 880 1728 aurore
909 1670 978 1728 nihil
1007 1680 1101 1745 potest
1149 1672 1374 1745 isjungere,seu

781 1742 930 1815 impedire,
948 1743 1016 1816 quia
1034 1760 1089 1816 quo
1107 1746 1198 1809 magis
1218 1745 1331 1804 inimici
1347 1748 1374 1805 in

782 1830 831 1871 eos
845 1814 1007 1886 insurgunt,
1022 1832 1056 1872 eo
1081 1815 1204 1874 ualidius
1219 1816 1250 1873 in
1276 1832 1373 1876 amare

781 1885 890 1943 unitivo
925 1887 1149 1955 convalescunt,
1180 1888 1253 1947 nibil
1287 1893 1371 1948 etiam

781 1957 985 2015 consolationis
998 1964 1027 2015 at
1041 1959 1181 2016 commodi
1202 1967 1260 2019 tem
1287 1963 1379 2021 caralis

781 2029 941 2101 reqrrirunt,
962 2030 1016 2087 aiei
1041 2032 1117 2103 quod
1143 2031 1180 2088 ad
1205 1978 1327 2092 laudem
1346 2040 1371 2092 et

780 2100 902 2173 gloriam
931 2103 980 2158 Dei
1012 2107 1129 2175 spectat,
1159 2119 1261 2161 amora
1287 2109 1371 2164 etiam

780 2180 838 2229 tarn
854 2173 976 2230 ferventi
992 2173 1106 2231 accensi
1124 2179 1153 2230 et
1171 2175 1323 2241 inebriati,
1338 2179 1371 2234 ad

781 2245 871 2301 iteum
900 2262 951 2316 per
979 2246 1057 2302 milla
1086 2251 1194 2303 mortes
1223 2249 1370 2317 transire,

778 2317 907 2387 exemplo
928 2317 1126 2388 Apostolorum
1151 2325 1180 2375 et
1199 2320 1369 2378 Sanctorum

778 2404 836 2444 non
852 2388 1020 2457 formidant;
1037 2389 1169 2446 omnibus
1182 2390 1260 2447 enim
1277 2393 1369 2464 paenis

779 2464 807 2516 et
840 2459 1073 2518 tribulationibus
1101 2460 1225 2531 spretis,
1255 2474 1370 2537 propter

778 2531 920 2587 fervorem
933 2531 1132 2589 dilectionisin
1142 2549 1231 2591 carue
1244 2536 1368 2604 mortali,

779 2608 806 2659 et
824 2602 853 2658 in
867 2602 925 2659 uita
951 2604 1097 2677 prasenti,
1112 2621 1229 2663 omnem
1245 2608 1369 2665 tolerant

778 2675 936 2746 gaudenter
959 2676 1131 2745 molestiam,
1154 2676 1281 2735 feliciter
1304 2679 1368 2757 qui·

778 2746 843 2802 dem
865 2745 896 2803 in
913 2747 1074 2820 semetipsis
1092 2748 1227 2806 ardentes
1250 2754 1279 2806 et
1299 2750 1367 2808 alios

778 2818 976 2879 accendentes.
992 2819 1115 2884 itaut,ai
1128 2827 1254 2893 possent,
1271 2838 1367 2879 omnes

778 2889 909 2947 homines
924 2891 954 2946 in
967 2890 1070 2948 deissco
1084 2907 1182 2948 amore
1198 2892 1368 2951 inllamma-

777 2967 853 3030 reut‚
873 2967 901 3018 et
924 2962 1065 3034 perlectos
1088 2964 1228 3032 iacerent,
1254 2972 1286 3022 ut
1308 2982 1366 3023 cum

777 3032 846 3116 ipsis
863 3035 998 3091 arderent
1007 3051 1014 3105 ;
1026 3035 1074 3107 qui
1088 3035 1174 3092 etiam
1190 3035 1317 3094 aliorum
1332 3038 1367 3093 ui·

780 3111 819 3162 tra
834 3111 862 3161 et
879 3111 1007 3178 peccata,
1022 3112 1168 3179 tamquam
1184 3108 1315 3180 propria,
1331 3108 1366 3165 ln·

778 3183 861 3249 gent;
878 3194 929 3233 neo
943 3194 1006 3249 qrrae
1022 3195 1073 3235 aaa
1086 3184 1152 3235 sarit
1163 3187 1310 3250 quaeruut,
1320 3180 1366 3237 sed

778 3248 866 3305 solius
882 3249 929 3305 Dei
951 3250 1042 3306 Patris
1064 3250 1166 3307 faciem
1183 3250 1365 3309 desiderabi-

777 3320 844 3387 lem,
859 3321 949 3377 biunti
963 3338 1076 3394 sempor
1091 3321 1197 3392 auimo,
1213 3340 1366 3395 superom-

777 3391 825 3447 nia
841 3392 964 3463 diligunt
980 3404 1006 3450 et
1022 3397 1188 3461 exquirunt:
1202 3394 1248 3452 isti
1266 3400 1366 3453 merito

777 3462 807 3519 in
823 3480 898 3519 nono
909 3465 1000 3536 gradu
1013 3483 1075 3522 curu
1086 3466 1237 3539 Serapbim
1252 3484 1365 3540 compu-

776 3535 922 3592 tabuntur.
941 3539 1019 3592 luter
1040 3554 1110 3611 qurrs
1125 3544 1154 3594 et
1174 3540 1275 3601 Deum.
1295 3537 1363 3595 nulli

776 3606 920 3664 intersunt
934 3608 1060 3678 spiritus,
1078 3609 1127 3682 qui
1138 3609 1231 3683 ipsum
1247 3610 1365 3667 uicinius

776 3680 1016 3750 contemplentur,
1042 3690 1071 3738 et
1093 3682 1148 3754 ipsi
1171 3682 1365 3741 immediatius

775 3754 1007 3825 appropinquare
1024 3754 1186 3814 videantur.

684 3982 816 4045 ORATIO

171 4168 293 4227 Domine
309 4171 377 4229 lesu
393 4168 514 4240 Christe,
528 4173 665 4244 Magister
681 4177 710 4230 et
724 4180 818 4232 rector
830 4174 916 4245 bone,
932 4176 1031 4235 omnia
1045 4175 1183 4233 interiora
1198 4182 1227 4234 et
1241 4179 1363 4236 exterio·

136 4254 169 4296 ra
183 4258 247 4299 mea
258 4244 388 4315 guberna
404 4243 545 4318 propitiae
558 4251 585 4302 et
601 4261 881 4319 rage‚neua1nuam
897 4247 960 4304 aliis
976 4251 1011 4306 de
1030 4266 1086 4320 me,
1102 4249 1146 4305 ael
1160 4247 1230 4309 mibi
1246 4254 1281 4308 de
1302 4252 1365 4309 aliis

138 4317 307 4373 scandalum
318 4320 470 4390 proveniat
483 4334 491 4389 ;
505 4318 556 4376 sed
574 4333 689 4377 omnem
704 4321 884 4380 occasionem
900 4320 1029 4379 scandali
1041 4328 1092 4380 tua
1111 4323 1204 4395 gretie
1217 4338 1236 4381 a
1249 4339 1297 4383 me
1310 4326 1366 4383 ab·
