2820 4928
245 247 287 300 nu
313 248 472 303 sunnonis
500 250 538 303 lll'
565 246 735 303 nutrioris
764 247 881 301 DUllllll
908 248 941 302 lit
968 248 1077 305 (ΚΒΜ.
1229 246 1277 305 sit

38 352 185 415 membris
199 368 233 411 ex
248 352 351 425 capite,
369 350 435 424 quia
454 369 512 410 non
527 353 634 413 debent
663 357 666 397 l
691 368 726 411 eo
745 351 794 435 qui
820 357 896 411 esset
916 369 1001 413 verax
1019 356 1048 411 et
1067 356 1168 425 potens
1184 352 1278 412 iacere

37 423 244 485 conditionem
269 424 371 496 capitis
395 424 530 483 refutare.
554 426 634 485 Unde

35 494 223 567 Amasenus
237 516 246 553 .·
261 519 276 549 «
289 498 345 555 Cur
363 511 393 552 se
409 497 568 555 membrum
586 513 632 555 su·

10 610 14 621 .
36 567 373 641 praserticemextolliti
388 568 511 625 Decusas
524 584 587 627 esse
603 567 633 625 in

10 670 13 681 ·
38 652 177 713 corpora,
188 639 211 695 si
228 656 285 696 non
299 639 341 695 vis
352 639 448 695 odium
462 640 561 697 mundi
572 656 633 697 sus-

39 710 139 771 unare
152 726 217 768 cum
233 710 335 783 capite.
350 731 365 763 n
377 707 486 768 Deinde
497 711 631 780 ostendit,

40 796 97 843 cur
107 781 223 840 oditeos
235 780 482 850 mundus,scilieet
494 782 560 853 quia
576 799 633 839 non

10 872 13 889 ²
43 855 280 919 suutdemundo¹
295 854 321 910 id
338 858 381 910 est
397 870 428 908 es
447 860 527 924 parte
547 855 632 926 ejus:

44 922 119 985 nihil
130 924 207 983 euim
222 939 442 983 commonacum
450 924 632 993 termasteis,

10 1050 12 1059 .
45 996 101 1057 sad
112 995 269 1055 coelestium
283 995 347 1054 lacti
363 995 453 1066 civem
470 1001 498 1052 et
517 1003 635 1069 propter

12 1120 15 1125 .
44 1066 102 1129 hoc
116 1069 214 1127 mundi
227 1067 480 1149 odiumnpntienter
496 1074 539 1126 cst
552 1067 635 1127 susti·

10 1174 14 1203 ι
46 1141 185 1199 nandum.
206 1140 286 1199 Unda
310 1140 378 1196 dicit
402 1141 632 1208 Gbmsostomns:

12 1266 15 1271 .
47 1229 64 1269 s
93 1213 152 1269 lloe
176 1219 218 1269 est
247 1211 360 1269 virtutis
384 1215 593 1282 argumentum,
616 1227 634 1271 a

12 1336 17 1349 ,
47 1282 156 1343 mundo
171 1282 236 1339 odio
257 1282 376 1349 babari;
396 1287 425 1339 et
443 1281 510 1339 inde
536 1282 634 1341 dolere

10 1390 16 1419 .;
46 1358 171 1427 oportet,
201 1354 224 1411 si
251 1369 268 1410 a
297 1352 402 1410 mundo
430 1353 633 1425 diligeremini,

43 1424 102 1483 lsoe
116 1423 192 1481 enim
206 1429 280 1481 esset
294 1424 409 1483 malitiis
421 1432 522 1481 vestrm
537 1431 634 1484 osten·

43 1494 149 1557 sivum.
167 1518 181 1545 a
200 1495 280 1554 Unde
299 1502 327 1553 et
343 1496 517 1565 drepanius:
533 1517 547 1551 u
563 1498 634 1556 Nam

42 1580 248 1641 perversorum
270 1566 417 1649 derogatio
444 1569 508 1625 vitae
528 1574 634 1627 nostran

41 1637 215 1721 approbatio
231 1643 288 1708 est;
307 1640 449 1720 quiajam
473 1639 634 1698 ostenditur

40 1725 100 1771 nos
125 1709 231 1782 ahquid
255 1711 374 1782 justitiis
396 1712 514 1780 habere,
532 1711 555 1768 si
578 1711 634 1771 illis

42 1779 201 1854 displicere
214 1780 377 1851 incipimus,
389 1782 503 1853 quinon
519 1783 634 1855 placent

42 1854 119 1913 Deo.
147 1872 161 1905 a
188 1855 232 1921 Et,
251 1854 317 1925 quia
343 1855 472 1926 exemplo
498 1854 552 1923 sui,
577 1871 633 1926 quo

42 1923 125 1983 aliud
141 1925 233 1995 majus
249 1932 278 1983 et
296 1925 398 1983 melius
422 1941 478 1981 non
499 1930 552 1995 ast,
567 1941 634 1981 mo-

43 1996 165 2055 united
188 1996 304 2055 terenda
324 1996 390 2053 odia
412 1997 521 2061 mnndi,
536 1995 635 2057 subdit

43 2082 140 2197 fflm
153 2083 219 2124 eum
234 2069 357 2127 debeant
372 2067 488 2136 imitari,
505 2066 573 2138 quia
588 2067 635 2127 ille

93 2138 197 2207 minus,
222 2139 274 2211 ipsi
294 2142 379 2197 servi.
402 2141 574 2207 Mementote,
590 2138 633 2197 in·

90 2209 122 2279 it,
136 2214 268 2269 annonis
282 2215 343 2277 mei,
359 2227 438 2282 quern
453 2211 517 2267 disi
532 2212 609 2267 vobis
625 2233 634 2269 .·

74 2298 111 2339 on
124 2288 164 2340 ast
175 2298 270 2341 seruus
288 2285 378 2353 maior
391 2286 504 2339 Domino
516 2299 575 2339 seeo.
591 2285 634 2352 Si,

46 2368 103 2485 Bru
117 2353 193 2436 quie,
205 2371 248 2411 rna
259 2357 396 2427 persecuti
408 2359 483 2422 suut,
494 2353 561 2426 quia
573 2370 634 2412 sum

72 2440 196 2489 ominus.
221 2432 246 2484 et
273 2443 321 2483 noa
348 2432 556 2498 persequentur,
586 2424 635 2498 qui

46 2496 122 2555 servi
146 2497 232 2566 estis;
248 2502 444 2569 persequentur
462 2513 509 2553 eos
523 2496 551 2553 in
571 2496 635 2569 qui·

46 2568 100 2627 bus
113 2584 167 2639 ego
187 2584 263 2637 sum,
279 2575 307 2627 et
322 2585 373 2641 par
392 2584 573 2640 consequens
589 2583 635 2627 me

46 2638 77 2699 in
92 2639 182 2699 vobis.
203 2642 265 2697 Non
293 2645 384 2709 potest
398 2640 509 2712 placore
524 2656 634 2710 servus,

45 2709 151 2783 quibus
160 2709 290 2783 displicet
303 2712 448 2769 Dominus.
460 2712 541 2770 Unde
551 2712 635 2782 Cirp-

46 2788 206 2840 sostomus:
229 2808 241 2835 ι
258 2782 343 2850 Quasi
361 2782 490 2841 diceret:
507 2786 570 2841 Non
585 2799 636 2841 vos

50 2853 162 2913 turbari
192 2860 314 2924 oportet,
337 2855 360 2911 si
389 2853 636 2913 communicabitis

48 2925 121 2985 meis
138 2924 327 2998 passionibus.
345 2924 412 2997 quia
426 2942 476 2981 vos
491 2941 547 2983 non
566 2925 636 2983 estis

48 3012 96 3055 me
118 2996 242 3067 potiores
277 3017 291 3047 a
317 2998 350 3055 Et
368 2996 493 3053 iterum:
513 2998 636 3057 uanum

69 3070 171 3133 uidem,
184 3067 213 3127 id
237 3072 281 3125 est
304 3067 452 3136 mundani,
471 3067 501 3125 in
514 3067 635 3139 deliciis,

71 3137 166 3202 vitiis,
196 3145 282 3210 atque
311 3139 467 3197 ambitione
497 3139 634 3209 viventes,

46 3211 192 3281 pandebit,
207 3217 352 3282 tamquam
366 3211 401 3269 dn
420 3226 465 3267 me
480 3209 637 3283 triumpha·

48 3280 140 3350 verit;
155 3281 222 3353 quia
246 3281 276 3339 in
294 3283 388 3339 triduo
412 3282 512 3339 mortis
531 3282 636 3341 Christi

45 3352 141 3413 Judsei
157 3353 261 3409 mundo
275 3353 363 3412 dediti
378 3355 465 3426 gavisi
482 3359 558 3424 sunt,
574 3370 636 3411 ere·

45 3424 151 3487 dentes
163 3423 330 3484 exstinxisse
342 3430 431 3483 totam
440 3432 546 3482 sectam
558 3427 636 3485 Chri·

46 3498 96 3565 sti,
121 3511 169 3553 eos
197 3501 288 3553 autern
316 3498 575 3566 constristabimini,
601 3499 637 3556 da

47 3583 113 3627 mea
135 3573 227 3625 morte
241 3572 270 3625 et
282 3567 432 3638 absentia;
452 3570 501 3626 aad
517 3572 638 3627 tristitia

44 3644 139 3697 uestro
153 3646 275 3697 vertetur
289 3642 320 3697 in
334 3642 481 3710 pendium,
493 3640 522 3698 in
535 3643 639 3699 Resur-

46 3709 187 3779 rectione,
201 3717 230 3768 et
242 3711 421 3783 apparitione
436 3728 485 3769 seu
505 3728 638 3784 pressen-

46 3781 99 3851 ua,
113 3788 142 3840 et
157 3782 344 3854 incensione,
356 3788 385 3838 et
398 3782 518 3839 maxime
534 3784 562 3840 in
578 3782 637 3854 Spi-

49 3853 123 3913 ritus
136 3853 232 3913 Saneti
253 3856 400 3913 missione.
414 3856 448 3911 Et
460 3870 561 3912 revera
573 3870 640 3911 con-

50 3924 639 3993 tristatisuntdemorteDomini,sedmox

49 3995 86 4055 de
115 3998 333 4054 Resurrectiona
361 3996 458 4055 laetati.
479 3998 549 4053 Nam
574 4003 640 4068 post

52 4068 287 4140 lacrymationem
297 4075 326 4127 et
337 4067 639 4127 lletum.inluditDeus

50 4140 271 4199 exsultationem
281 4145 310 4198 et
321 4140 467 4213 gaudium.
476 4140 527 4198 Ubi
541 4144 641 4199 notun·

53 4210 136 4278 dum,
153 4210 229 4282 quod
255 4211 278 4268 al
303 4211 348 4271 eui
365 4214 589 4285 promitteretur,
604 4212 641 4268 ab

690 440 873 497 promissum,
889 425 967 497 quod
986 441 1086 483 omnes
1100 424 1176 482 illius
1200 422 1278 507 lapi-

691 495 742 554 des
765 500 889 555 verteret
914 496 943 555 in
973 512 1086 565 aurum,
1104 497 1203 568 utique
1230 495 1278 554 ille

691 573 879 639 congregaret
892 568 959 626 binc
973 566 1041 627 lude
1054 567 1173 641 lapides,
1191 582 1279 639 quam

689 643 787 712 posset
801 640 898 712 plures
914 645 942 697 et
952 640 1089 769 mtffrssii
1108 655 1182 721 nuno
1192 637 1280 720 igitur

692 711 867 783 promittitur
879 712 1000 782 nobis,a
1034 710 1094 782 ipso
1108 728 1157 783 qur
1173 712 1280 767 veritas

691 788 745 852 est,
762 789 791 839 et
810 788 911 864 potens
926 798 1011 855 snper
1029 798 1116 841 omne
1132 782 1208 854 quod
1224 785 1279 851 est,

691 854 768 981 guod
782 853 898 911 tristitia
910 859 1006 911 nostra
1023 859 1151 913 vertetur
1167 853 1196 911 in
1208 868 1279 925 gau·

712 925 780 992 ium,
797 924 861 982 ideo
875 927 994 983 multum
1005 924 1128 983 libenter
1141 925 1279 983 debemus

692 996 833 1079 sustinere
842 996 982 1063 tristitias,
995 1004 1023 1053 et
1036 1012 1183 1079 pressuras
1195 996 1280 1123 buria,

692 1069 801 1139 muudi,
818 1073 1046 1138 inaugmentum
1066 1075 1155 1127 nostri
1168 1083 1225 1138 gau
1246 1082 1276 1125 u.

692 1140 772 1198 Unde
792 1156 848 1196 non
872 1139 960 1197 dixit:
978 1141 1045 1199 Post
1064 1138 1210 1199 tristitiam
1230 1153 1277 1195 ve·

691 1217 781 1269 atram
795 1208 876 1269 vobis
890 1211 945 1269 erit
960 1212 1112 1283 gaudium;
1131 1212 1182 1269 sed
1207 1211 1249 1267 ait
1268 1226 1276 1271 t

694 1286 821 1339 Tristitia
840 1288 931 1339 oestro
949 1288 1070 1339 vertetur
1085 1286 1115 1340 in
1132 1282 1277 1352 pendium,

691 1354 731 1411 ita
746 1354 821 1427 quod
841 1354 896 1411 boe
910 1354 1014 1427 ipsum,
1035 1355 1112 1425 quod
1127 1360 1171 1411 est
1184 1351 1278 1410 tristi-

692 1424 760 1483 tiam
776 1426 893 1487 habere.
907 1427 935 1483 in
956 1428 1100 1485 cumulum
1112 1424 1208 1498 gaudii
1223 1439 1278 1496 po·

691 1503 752 1555 sisa
766 1503 960 1556 convertetur.

730 1592 757 1627 ιι
769 1570 928 1627 Sisimrnno
939 1586 1064 1629 sumanus
1073 1584 1279 1629 eanrmvsurvs.

693 1671 725 1683 -
740 1642 782 1697 Ad
799 1642 1007 1699 ostendendum
1022 1646 1160 1699 autemst
1177 1655 1281 1697 moero-

691 1713 732 1768 ris
755 1718 784 1770 et
806 1712 903 1783 gaudii
924 1712 1157 1782 immensitatem,
1172 1709 1281 1769 inducit

692 1783 919 1847 similitudinem,
933 1784 1106 1843 declarando
1117 1783 1193 1856 quod
1206 1782 1281 1839 dixe-

692 1864 737 1911 rat
747 1871 798 1927 par
811 1856 972 1925 exemplum
987 1854 1125 1921 mulieris,
1136 1854 1167 1911 in
1180 1854 1280 1936 dolore

692 1932 789 1997 partus
816 1925 963 1985 tristitiam
993 1925 1145 1994 habentis3
1172 1925 1221 1983 s'ed
1250 1938 1278 1981 sn

692 1995 840 2055 nativitate
868 1997 949 2070 pueri
978 1997 1113 2069 gaudium
1136 2011 1278 2068 superve-

691 2068 773 2126 niens
794 2069 929 2126 absorbet
951 2068 981 2125 in
1000 2084 1035 2127 oa
1054 2083 1169 2126 omnem
1188 2066 1277 2124 tristi·

691 2140 761 2197 tiam
782 2140 1001 2212 precedentem.
1020 2139 1126 2198 Deinde
1148 2140 1203 2196 boo
1227 2153 1277 2210 ps·

691 2212 832 2295 radigma,
843 2212 920 2283 quod
937 2212 972 2294 de
993 2207 1280 2338 mulierenproposuit

693 2286 831 2343 Dominus
858 2288 982 2357 expomt,
1007 2292 1035 2341 et
1063 2282 1279 2341 similtudinem

692 2355 819 2426 adaptat,
835 2354 956 2415 dicens:
977 2358 1074 2414 lituos
1096 2357 1185 2424 ipitur
1207 2368 1280 2434 nune

693 2428 804 2498 quidem
827 2430 975 2485 tristitiam
993 2428 1108 2493 iubetis,
1123 2424 1230 2483 scilicet
1245 2438 1278 2505 ,¹¹¹

692 2504 821 2571 tempore
846 2514 916 2555 meaa
939 2496 1096 2566 Passionis,
1114 2505 1142 2555 et
1167 2500 1278 2563 mortm,

693 2569 776 2641 quasi
793 2569 855 2640 jam
875 2568 1077 2642 parturientes,
1100 2570 1200 2624 iterum
1223 2582 1280 2623 ou-

692 2647 746 2699 iam
770 2640 868 2696 uidebo
890 2656 948 2709 uos,
967 2645 993 2697 et
1013 2638 1146 2710 pandebit
1167 2654 1213 2695 eor
1233 2653 1282 2693 oe·

692 2718 791 2781 strum,
806 2710 913 2770 scilieet
936 2713 999 2783 post
1020 2724 1114 2767 meam
1140 2711 1281 2767 Resurre-

692 2782 832 2851 ctionem
860 2788 886 2841 st
905 2784 1039 2853 pendium
1060 2786 1180 2839 oestrum
1203 2796 1280 2837 anuo

693 2856 770 2912 tollet
788 2873 805 2910 a
822 2855 910 2924 nobie,
930 2853 997 2937 quia
1016 2853 1075 2911 vita
1094 2852 1197 2912 Christi
1216 2867 1281 2934 quas

692 2928 746 2986 luit
762 2925 883 2984 materia
897 2926 981 2998 nepus
995 2924 1103 2999 gaudii,
1118 2930 1181 2981 erat
1198 2923 1279 2981 dem-

693 2997 771 3069 eelps
787 2997 966 3067 immortalis,
981 3014 1041 3053 non
1057 2995 1181 3068 amplius
1200 2994 1280 3077 arrie-

693 3070 782 3128 renda
808 3086 858 3141 per
877 3075 1009 3127 mortem.
1025 3067 1180 3126 Tristitiam
1203 3080 1280 3124 emm

692 3142 864 3205 habuerunt,
884 3156 968 3213 passo
985 3142 1120 3208 Domin03
1140 3138 1190 3195 sed
1216 3141 1281 3210 post

693 3211 941 3270 Resurrectionem
960 3214 1052 3281 pooisi
1072 3216 1147 3278 sunt,
1165 3223 1279 3280 nempe,

692 3287 751 3340 niso
766 3283 893 3352 Domino,
905 3292 935 3341 ei
953 3283 1089 3356 gaudium
1104 3297 1204 3339 eorum
1223 3295 1280 3338 non

693 3351 1280 3433 tollebaturubeis,quiaetsipostmodum

693 3428 905 3500 persecutiones
922 3432 950 3485 et
971 3432 1116 3484 tormenta
1131 3440 1183 3497 pro
1202 3423 1282 3481 Chrs-

694 3506 739 3557 sto
762 3497 837 3571 passi
863 3504 941 3569 sunt,
958 3515 1008 3570 spe
1028 3503 1125 3555 tamen
1147 3511 1283 3578 resurre-

695 3570 797 3628 ctionis
818 3573 847 3627 et
871 3570 987 3628 visionis
1005 3568 1083 3628 illlus
1105 3567 1228 3635 accensi,
1249 3567 1283 3623 lr-

694 3642 797 3699 beuter
809 3642 930 3698 adversa
940 3657 1060 3713 queque
1070 3640 1212 3708 terebant,
1226 3637 1284 3693 imo

695 3712 831 3785 gaudium
846 3712 1056 3779 existimabant,
1072 3726 1138 3766 cum
1151 3710 1181 3766 in
1195 3715 1285 3766 tenta·

696 3786 788 3841 tiones
805 3781 897 3839 varias
919 3781 1089 3838 inciderent.
1103 3781 1229 3838 Possunt
1238 3795 1287 3836 au·

696 3861 753 3910 tem
774 3858 804 3909 et
824 3854 885 3909 hmo
909 3850 950 3909 ita
968 3850 1143 3923 intelligunt
1161 3850 1190 3906 in
1204 3848 1287 3907 disci·

697 3924 771 3997 pulis
783 3923 924 3981 universas
940 3924 1073 3995 loquatur
1086 3921 1224 3979 Dominus
1238 3922 1287 3977 Ee·

697 3995 801 4065 eleale,
816 3995 893 4053 velut
907 3995 992 4053 etiam
1007 3993 1121 4067 quando
1141 3993 1182 4050 sit
1197 3995 1286 4049 :liaeo

698 4084 746 4138 epo
764 4068 904 4125 uobiscum
927 4084 987 4124 sum
1008 4081 1095 4195 uessue
1109 4066 1146 4121 ad
1160 4079 1284 4121 eonsum-

700 4142 850 4197 mutiouem
863 4141 959 4196 seenli.
973 4140 1041 4196 blun
1061 4152 1160 4195 renim
1174 4142 1285 4194 amato-

705 4227 752 4269 res
762 4212 901 4283 gaudent,
912 4208 979 4282 quis
991 4211 1021 4266 in
1033 4208 1222 4282 presentibus
1234 4206 1285 4265 da-
