2820 4928
85 289 131 343 26¹2
437 287 594 342 SECUNDAE
622 290 740 346 rantis
767 292 871 345 attur
899 290 964 360 xbl

87 409 117 462 et
137 402 367 469 tundamentum,
385 415 419 458 ac
437 400 552 458 huelem
578 401 675 460 inten-

86 477 193 535 tionem
210 490 293 544 qurm
309 474 392 529 hahet
409 472 584 529 antedictum
601 474 675 531 desi-

87 548 197 606 derium
209 565 215 612 ;
232 552 260 602 et
273 562 306 601 ex
319 546 337 600 h
350 561 373 600 rc
387 544 417 601 in
438 544 540 601 eodem
566 546 673 604 delicto

86 619 164 677 venit
186 619 281 674 homo.
298 615 326 673 ia
348 631 405 687 quo
424 620 468 672 est
499 632 548 686 per
563 618 674 677 deside·

85 693 161 751 rium
177 687 380 760 supradictum.
397 720 432 731 -
450 688 613 746 Secundum
630 708 674 749 re·

87 761 212 822 medinm
224 767 278 829 est,
289 761 364 831 quod
379 760 408 818 in
423 765 473 817 tua
488 760 617 820 oratioue
631 763 675 820 vei

88 832 326 907 contemplatione
342 849 399 890 non
411 832 551 890 sustineas
565 833 594 891 in
611 835 674 893 ani·

87 922 136 966 ma
155 916 204 963 tua
223 905 348 980 aliquam
371 904 596 963 consolationem
619 924 675 965 ma-

88 994 174 1053 gnam
194 978 237 1036 rel
255 993 380 1045 parvam,
396 994 429 1034 ex
449 993 505 1050 quo
526 977 578 1035 tibi
594 980 673 1036 ride·

87 1056 135 1110 tur
149 1050 223 1123 quod
240 1050 340 1107 tundat
355 1066 385 1106 se
403 1049 432 1107 in
453 1051 675 1121 presumptione

88 1129 116 1182 et
132 1128 159 1180 in
173 1121 361 1180 estimatione
374 1121 514 1194 superbiae
529 1123 674 1195 tuiipsius;

88 1201 117 1254 et
135 1202 197 1267 post
212 1210 295 1266 quam
311 1195 386 1251 ducit
402 1200 429 1250 te
447 1197 475 1249 in
490 1195 674 1253 ambitionem

88 1270 129 1325 tui
154 1265 262 1340 proprii
289 1265 404 1324 honoris
427 1269 469 1322 vel
490 1267 600 1336 gloriae,
617 1267 675 1324 sire

87 1338 170 1397 istius
183 1346 257 1406 vitre,
270 1338 327 1395 sive
341 1336 468 1394 atterius.
483 1336 583 1395 Anima
599 1339 673 1396 eninr

88 1427 152 1484 qua
172 1425 202 1466 se
224 1411 312 1467 sentit
335 1408 364 1465 in
389 1409 439 1465 tali
467 1411 674 1479 consolatione,

87 1480 217 1541 venitin
243 1480 338 1552 plures
355 1496 467 1537 errores
491 1490 520 1537 et
543 1484 677 1561 nrala,et

87 1556 161 1611 Deus
179 1567 325 1623 persuum
338 1552 446 1622 justum
457 1551 594 1621 judicium
613 1570 675 1622 per·

86 1623 174 1683 mittit
196 1623 310 1679 diabolo
327 1638 409 1691 posse
427 1625 631 1695 augmentandi
648 1631 676 1682 et

87 1685 266 1754 accelerandi
301 1693 467 1776 predictam
499 1696 675 1754 consolatio·

88 1783 166 1834 nem,
183 1772 210 1822 et
226 1764 362 1837 imprimit
380 1781 443 1822 cum
460 1766 508 1822 itta
527 1766 557 1824 in
580 1770 677 1826 anima

88 1840 239 1898 falsissima
263 1846 292 1894 et
319 1837 560 1909 periculosissima
587 1840 674 1897 sonti·

88 1917 197 1980 mento,
211 1916 239 1967 et
254 1908 325 1967 atias
345 1907 502 1978 illusiones,
518 1928 590 1983 quus
613 1911 675 1969 ani·

90 2002 136 2044 mn
155 1982 351 2041 imbutadicta
372 1982 566 2042 consolatione
587 1984 677 2040 credit

90 2063 118 2115 et
134 2061 248 2125 reputat
263 2071 327 2112 esse
343 2071 424 2112 veras
439 2056 638 2119 revelationes.
653 2057 675 2113 0

110 2137 161 2187 uot
174 2144 303 2201 persona
315 2144 366 2199 per
380 2127 464 2184 istum
482 2129 596 2185 modum
611 2133 678 2185 sunt

89 2147 233 2273 decepte!
248 2202 278 2255 Et
290 2209 406 2272 propter
418 2202 590 2267 hoccaveas,
600 2204 677 2270 quod

91 2272 121 2330 in
137 2281 187 2329 tua
203 2280 332 2327 oratione
346 2270 388 2326 vel
404 2271 431 2325 in
449 2278 495 2327 lua
508 2273 679 2343 contemplo-

91 2348 171 2401 tione
185 2359 239 2398 non
255 2342 395 2398 sustineas
407 2342 533 2414 aliquam
547 2345 677 2400 consola·

91 2414 209 2479 tionem,
227 2412 279 2469 nisi
294 2411 372 2469 ittam
388 2430 451 2483 quae
465 2415 540 2471 venit
554 2432 604 2487 per
618 2433 679 2488 per-

91 2488 195 2545 fectam
210 2485 338 2543 notitiam
348 2490 386 2567 ‘et
403 2488 574 2556 completum
589 2488 677 2545 seuti-

93 2564 221 2619 meutum
244 2566 299 2616 tuae
328 2557 477 2616 nihilitatis
496 2566 524 2615 et
544 2559 650 2633 irnperi
665 2591 677 2602 ·

92 2631 205 2702 ationis,
220 2637 324 2704 etqua
344 2629 409 2687 tacit
433 2646 615 2703 perseverare
638 2633 678 2688 di·

93 2711 166 2762 ctam
183 2703 312 2761 notitiam
334 2709 362 2757 et
375 2703 576 2760 sentimentum
594 2702 632 2760 tui
651 2707 677 2759 in

91 2781 130 2845 te,
152 2792 185 2833 ac
205 2773 431 2903 maantudinem
453 2781 482 2832 et
498 2775 676 2832 altitudinem

93 2850 142 2906 Dei
165 2864 217 2921 per
240 2855 326 2904 amm
352 2846 554 2914 reverentiam,
570 2855 598 2904 et
613 2864 677 2905 cum

91 2936 197 2993 magno
217 2917 357 2978 desiderio
384 2919 503 2977 honoris
530 2926 558 2976 et
578 2919 677 2992 gloria

91 2994 158 3060 Der;
182 2995 223 3049 sie
250 2990 326 3063 quod
353 2991 494 3048 antedicta
520 2990 676 3049 consolatio

92 3064 229 3122 inridetur
243 3071 270 3121 et
285 3061 412 3120 totalitor
437 3063 474 3120 sit
492 3063 520 3120 in
542 3063 587 3120 his
602 3080 676 3136 prae·

91 3135 186 3201 dictis,
205 3136 247 3193 ret
271 3134 422 3201 similibus,
438 3143 488 3194 aut
507 3152 531 3193 ae
554 3137 675 3193 uatibus.

92 3208 127 3264 Et
145 3207 221 3264 idem
239 3210 314 3279 quod
332 3207 438 3264 dictum
465 3217 509 3264 est
532 3153 568 3265 ie
582 3208 678 3265 divina

92 3278 302 3345 consolatione,
318 3278 445 3352 intellige
467 3279 551 3335 ctiam
570 3282 604 3337 de
619 3280 677 3338 ier·

92 3364 160 3406 vore
170 3354 197 3403 et
212 3349 315 3405 ardore
329 3349 519 3432 parientinis,
534 3368 599 3423 quae
617 3368 677 3424 pns-

95 3426 161 3476 sunt
176 3435 238 3476 esse
264 3419 293 3474 io
311 3423 418 3477 eisdem
440 3423 543 3479 mortis.
559 3456 593 3466 —
609 3426 675 3481 Ter·

90 3489 163 3548 tiurn
178 3489 334 3547 remedium
350 3499 402 3557 et,
419 3492 494 3563 quod
509 3511 594 3551 omne
609 3511 676 3552 sen·

92 3565 242 3620 timentum
261 3569 520 3634 quantumcumque
534 3565 634 3635 altum,
649 3572 678 3624 et

92 3636 185 3694 omnis
202 3632 272 3690 risio
291 3642 555 3708 quantumcumque
568 3644 678 3695 secreta

90 3707 142 3767 tibi
160 3711 307 3779 appareat,
322 3721 511 3778 quacumque
527 3707 613 3766 etiam
627 3715 675 3779 srt,

87 3781 110 3838 si
129 3779 206 3837 ducit
219 3795 270 3837 cor
284 3783 363 3835 tuum
380 3779 409 3837 io
423 3779 588 3850 opinionem
608 3798 676 3839 con·

88 3857 134 3910 tra
150 3850 275 3924 aliquem
291 3850 443 3909 articulum
461 3853 538 3924 tidei,
551 3854 595 3912 vel
611 3870 678 3911 con·

89 3932 134 3981 tra
158 3925 247 3981 huns
268 3939 373 3994 mores,
389 3929 418 3979 et
438 3924 558 3983 maxime
577 3930 677 3983 contra

89 3994 289 4065 humilitatem,
304 3995 347 4053 ret
369 4000 469 4053 contra
482 3997 675 4067 honestatem,

90 4066 183 4138 logias
205 4083 268 4125 eam
290 4073 318 4125 et
338 4069 506 4134 horr··scas;
524 4068 592 4141 qnia
615 4072 677 4127 sine

91 4138 176 4195 dubio
187 4155 220 4195 ex
234 4144 312 4208 parte
326 4139 432 4198 diaboti
447 4139 530 4196 venit.
548 4140 614 4198 Etsi
628 4157 675 4213 ap·

91 4225 159 4283 pare
169 4216 190 4266 rt
208 4211 259 4269 tibi
279 4212 375 4286 aliqua
399 4211 479 4282 rito,
496 4216 530 4267 rte
554 4228 609 4284 qua
636 4212 676 4269 sis

92 4287 198 4355 certus,
215 4284 292 4356 quod
306 4285 402 4345 veniat
423 4303 458 4345 ex
471 4289 551 4360 parte
566 4283 628 4356 Dei,
646 4291 676 4344 et

732 403 808 477 quod
821 403 892 461 illud
904 400 1118 475 quodindnrit
1130 399 1213 469 visio,
1224 402 1313 469 estph

730 477 815 533 citun
842 478 910 546 Deo,
929 475 990 530 noti
1020 480 1053 530 te
1074 474 1195 531 firmare
1212 472 1239 528 in
1256 472 1314 532 dirtt

729 548 848 605 visione,
877 579 901 588 -
930 548 1083 615 Quartum
1105 544 1314 615 remediumest,

729 620 805 694 quod
828 629 947 693 propter
970 619 1067 676 atta-n
1092 625 1196 687 vrum,
1212 618 1252 673 ael
1266 634 1315 690 pro·

730 698 792 763 pter
821 707 953 763 niagnam
975 689 1186 753 devotionem,
1202 695 1249 745 aut
1269 706 1317 762 pro·

729 772 793 837 ptnr
806 764 978 836 preclarum
989 762 1197 819 intellectum.
1212 778 1259 819 arn
1271 779 1317 835 pro

729 834 1315 910 ploratiquamatiamsut'iicientiamqum

729 909 807 965 uides
827 907 856 965 iu
878 907 1033 980 aliquibus
1058 906 1211 989 personis,
1226 923 1316 964 none

729 981 827 1054 quar-is
839 996 940 1037 eorum
955 979 1100 1048 consilia,
1118 979 1167 1037 vet
1184 986 1283 1039 uro-los.
1293 995 1316 1037 et

729 1070 785 1125 quo
800 1052 950 1122 cognoscis
962 1053 1048 1109 clare
1062 1058 1094 1109 et
1111 1051 1315 1122 rationabiliter,

730 1125 805 1198 quod
830 1140 931 1181 eorum
952 1124 1085 1181 consina
1114 1141 1177 1181 mm
1206 1130 1267 1180 sunt
1286 1140 1316 1181 se

730 1200 852 1254 cundum
864 1200 952 1253 Deum
960 1203 992 1252 et
1004 1212 1110 1252 veram
1118 1196 1313 1265 discretionem,

730 1285 781 1342 per
797 1268 870 1324 viam
884 1268 952 1326 teu
977 1267 1092 1326 Christi
1110 1274 1141 1323 et
1169 1269 1313 1325 Sanctorum

733 1345 930 1404 monstratam,
948 1346 978 1396 et
1011 1341 1183 1411 perlectam
1212 1338 1314 1411 Scriptu-

730 1427 792 1469 ram
805 1418 833 1467 in
848 1410 933 1467 dictis
948 1412 1133 1468 Sanctorum
1148 1410 1312 1467 notiticatan.

731 1486 787 1541 Nec
809 1489 927 1556 propter
951 1486 1008 1538 hoc
1029 1486 1141 1539 timeas
1159 1485 1233 1555 quod
1252 1498 1313 1553 sper·

732 1557 827 1613 nendo
841 1554 911 1612 talia
926 1553 1051 1610 consilia
1072 1555 1221 1611 dii-tarum
1235 1570 1313 1627 persc-

732 1643 843 1688 narum.
858 1641 958 1699 pecces
971 1641 1027 1697 per
1039 1627 1216 1698 superbiam
1228 1633 1314 1695 etpra·

732 1698 939 1770 sumptionem
954 1696 1049 1753 solum
1068 1699 1153 1770 qnod
1165 1697 1250 1755 iacias
1261 1713 1314 1770 pro·

732 1777 796 1843 pter
821 1770 911 1826 zrlnm
930 1773 958 1825 et
974 1769 1113 1826 veritatis
1142 1786 1276 1827 amorem.
1289 1798 1316 1813 ··

733 1842 868 1910 Qniutnm
886 1839 1045 1896 remedium
1066 1846 1127 1909 est,
1148 1843 1227 1913 quod
1241 1841 1315 1914 rogia

733 1919 762 1970 et
774 1913 843 1970 vites
855 1911 1086 1969 familiaritatem
1105 1913 1222 1971 illarum
1237 1930 1315 1986 perso

735 2001 834 2043 narum
860 2000 924 2057 quae
938 1983 1030 2040 dictas
1051 1988 1234 2043 tentrtiones
1246 1983 1315 2043 semi·

735 2066 805 2115 nant
822 2062 851 2114 et
872 2055 1051 2124 diffundunt,
1068 2065 1100 2114 et
1114 2056 1182 2115 illas
1233 2072 1315 2115 isonat

734 2145 799 2202 quae
817 2129 932 2186 easdem
962 2126 1115 2185 sustinent
1137 2137 1170 2186 et
1206 2130 1315 2198 audam,

733 2208 761 2260 et
777 2201 834 2258 noti
850 2216 947 2258 eorum
964 2201 1055 2257 verb-a
1070 2201 1119 2257 set
1133 2202 1226 2259 etiam
1238 2204 1316 2260 coho·

734 2273 863 2331 cutiones
877 2271 986 2353 audire,
994 2287 1092 2352 neque
1107 2290 1214 2331 eorum
1230 2275 1315 2333 modos

734 2345 804 2402 retis
815 2346 921 2412 videro,
933 2343 1062 2413 quietlbi
1080 2346 1314 2405 demonstrabunt

735 2433 868 2488 magnum
884 2415 997 2485 sianum
1015 2416 1213 2487 perfectiouis
1229 2418 1258 2477 in
1269 2420 1316 2502 plu

736 2488 815 2546 ribus
830 2487 922 2545 verbis
937 2493 965 2542 ct
983 2487 1091 2557 modis,
1104 2505 1160 2560 per
1177 2507 1241 2563 qua
1254 2508 1275 2548 st
1286 2489 1317 2547 sis

734 2561 873 2632 accipere,
892 2566 922 2617 et
945 2573 994 2616 eos
1015 2564 1174 2632 tamquam
1197 2563 1317 2620 divinate

735 2636 825 2704 sequi,
840 2630 935 2689 venies
949 2630 975 2686 in
992 2630 1125 2702 pericua
1142 2640 1174 2692 et
1201 2635 1316 2708 precipi-

735 2705 773 2761 tia
789 2719 918 2762 errnrum
936 2711 964 2761 et
973 2701 1206 2765 inhonestorum
1220 2720 1315 2767 moun

734 2777 910 2834 eorumdem.

769 2849 917 2904 5Unuecnr
931 2864 1050 2905 nasama
1064 2865 1178 2909 cosm
1189 2869 1316 2910 samono·

734 2939 784 2976 aas
802 2938 835 2978 ex
855 2938 939 2977 rama
959 2937 1101 2977 anteana.
1124 2954 1163 2967 -
1183 2925 1315 2983 Posthac

734 2991 797 3048 vide
820 2991 1040 3063 remediaque
1058 2993 1155 3052 debes
1181 2996 1314 3055 attendere

733 3063 809 3121 circa
823 3064 936 3137 aliquas
948 3080 1098 3135 personas,
1110 3082 1182 3139 qnae
1194 3080 1314 3137 ,tersum

734 3136 820 3194 rilem
844 3144 873 3194 et
898 3136 1060 3194 doctrinam
1075 3139 1226 3198 saurinant
1240 3141 1314 3197 dictat

733 3207 922 3266 tentationes.
948 3239 980 3251 -
1013 3209 1147 3268 anum
1170 3212 1313 3270 remedium

733 3280 869 3350 estquod
882 3280 1052 3338 nonhabeas
1062 3296 1202 3353 magnam
1209 3284 1314 3343 esum

733 3352 840 3409 tionem
850 3351 1063 3419 intonuerant
1073 3356 1313 3421 sentimentorun.

733 3424 777 3480 ret
802 3431 934 3496 raptuum
953 3439 1051 3481 eorum
1069 3425 1155 3492 ;imo
1177 3427 1202 3485 ai
1221 3428 1314 3485 ducunt

734 3506 761 3552 te
776 3494 805 3552 in
819 3495 929 3567 aliquid
948 3495 1025 3567 quod
1050 3502 1089 3553 srt
1106 3499 1312 3565 contraitum,

733 3567 776 3625 aet
802 3573 903 3624 contra
929 3567 1091 3641 Scripturas
1120 3578 1248 3640 eructas,
1273 3572 1313 3627 aut

733 3644 833 3698 contra
844 3640 935 3697 bonos
948 3655 1051 3705 mores,
1069 3639 1113 3698 ret
1135 3652 1238 3700 etone
1252 3641 1312 3698 vitat

733 3713 912 3779 Sanctorum,
936 3727 987 3769 seu
1015 3711 1104 3770 verba
1128 3729 1231 3773 eorum
1253 3727 1310 3772 aare

733 3789 859 3853 accepta,
873 3784 1030 3841 abhorreas
1042 3799 1148 3843 eorum
1159 3785 1307 3845 visioneset

733 3857 904 3913 sentimenta
919 3861 1064 3928 tamquam
1085 3858 1193 3917 stultas
1208 3861 1307 3917 damen·

733 3925 798 3995 tias,
813 3934 952 3986 eteorum
967 3932 1065 4001 raptus
1074 3926 1152 3987 sicut
1163 3930 1307 3989 rabiente·

732 4005 770 4056 ta.
788 3998 816 4056 si
832 4004 927 4058 tamen
939 4001 1045 4058 ducunt
1059 3998 1089 4058 in
1103 3999 1171 4059 hoc.
1188 4002 1262 4074 qnod
1273 4002 1306 4057 etl

732 4073 888 4129 secundum
903 4071 1001 4139 tidem,
1013 4076 1042 4129 et
1061 4073 1225 4132 secuudum
1243 4070 1305 4133 Seti-

732 4155 855 4214 pturam,
871 4149 899 4200 et
913 4143 1070 4202 secundum
1087 4145 1219 4216 sanctos,
1233 4152 1259 4203 et
1272 4157 1304 4201 tt·

731 4215 855 4272 cundunr
871 4216 961 4273 bonos
977 4231 1081 4285 mores,
1099 4217 1159 4275 noti
1174 4230 1304 4292 spensam.

731 4285 799 4360 quia
817 4285 938 4346 forsitan
950 4302 1103 4362 sperneres
1116 4288 1174 4350 hoo
1188 4287 1305 4367 quartat
