2820 4928
141 434 156 486 l
518 426 678 482 SECUNDAE
706 425 827 480 rturls
856 422 960 476 corut
988 421 997 473 l

138 541 215 599 enim
232 543 342 610 petram
355 532 513 592 edificatur
526 538 587 591 tota
601 534 651 590 Dei
669 535 722 590 Ec·

138 613 234 670 alesia.
245 612 326 679 item,
337 621 420 734 safer
432 607 502 662 benc
513 611 630 687 petrem,
641 605 670 662 id
681 609 724 661 est

138 699 223 754 super
248 678 359 738 hancii
382 692 427 733 em
451 682 479 733 et
504 678 722 744 contessionem,

138 771 189 812 seu
199 754 283 826 hujus
293 751 360 808 fidet
370 755 399 806 et
409 748 536 805 veritatis
548 748 724 817 firmitatem,

138 829 285 896 tamquam
314 837 399 893 supra
426 819 643 877 tundamentum
675 819 725 875 irr-

138 912 228 965 mum,
246 892 385 964 adipcobo
404 893 555 948 Ecclesiam
573 907 683 960 meum;
701 894 727 946 et

138 973 226 1042 porta
249 968 345 1037 inferi,
365 979 429 1035 quae
448 969 514 1020 sunt
531 964 727 1035 suggestiones

143 1041 317 1105 daemonum,
350 1034 552 1092 delectationes
583 1033 725 1102 vitiorum,

141 1110 279 1167 doctrinae
297 1108 513 1176 hereticorum,
535 1110 678 1163 tormenta
693 1120 726 1161 ac

139 1180 335 1239 blandimenta
351 1183 576 1250 persecutorum,
592 1193 626 1233 ac
640 1191 728 1249 pravo

139 1254 280 1310 maiorum
292 1266 389 1324 opera,
397 1250 538 1321 colloquia
549 1254 577 1304 et
588 1248 726 1320 exempla,

139 1341 202 1396 quae
216 1323 270 1380 iter
283 1320 453 1396 perditionis
467 1320 632 1387 ostendunt,
647 1326 676 1375 et
690 1319 726 1374 ad

140 1401 249 1452 tartara
264 1394 386 1460 ducunt;
403 1409 457 1448 non
471 1391 666 1471 praevalebunt
681 1389 730 1470 ed-

139 1481 234 1522 verere
262 1480 339 1532 eom,
366 1463 474 1518 scilicet
504 1462 658 1516 Ecclesram
689 1475 730 1515 sic

140 1536 295 1604 firmatam,
326 1533 394 1604 quia
420 1547 438 1587 a
467 1531 523 1587 side
553 1536 583 1586 et
612 1531 729 1587 caritate

143 1605 249 1663 Christi
265 1621 323 1660 non
337 1603 510 1674 separabunt
525 1616 599 1659 eam.
617 1603 656 1658 Ex
673 1618 729 1672 quo

145 1684 223 1750 patet
241 1675 319 1758 quod
338 1673 462 1729 Ecclesia
484 1674 612 1728 consistit
630 1674 659 1729 in
676 1672 730 1728 illis

144 1764 272 1821 personis
287 1745 317 1801 in
332 1745 435 1816 quibus
450 1749 492 1800 est
506 1745 607 1801 notitia
623 1748 651 1800 et
664 1760 730 1801 sera

145 1819 281 1876 consessio
296 1817 362 1872 lldei
377 1821 406 1871 ct
417 1814 554 1872 ueritatis.

181 1914 197 1963 7
215 1891 284 1957 Quin
297 1905 364 1944 surm
379 1903 478 1944 curvas
489 1903 570 1942 neom
583 1888 731 1944 ennonuui

145 1992 179 2002 -
200 1960 305 2018 Deinde
329 1959 423 2016 claves
443 1959 523 2031 regni
545 1961 681 2016 eoelorurn
701 1975 732 2015 se

146 2035 230 2090 Petro
243 2032 376 2087 daturum
385 2031 522 2086 Dominus
533 2029 672 2101 promisit,
681 2031 731 2086 sed

144 2107 212 2159 tune
228 2119 284 2158 non
302 2103 393 2166 dedit;
411 2104 479 2173 quia
492 2100 516 2156 si
530 2103 624 2157 statim
638 2102 730 2158 dedis·

143 2179 198 2242 set,
212 2188 369 2243 numquam
385 2172 414 2228 in
431 2175 513 2228 Petro
526 2172 652 2244 pravitas
664 2189 729 2230 con·

144 2244 286 2312 fessionis,
306 2243 340 2298 de
353 2259 408 2314 qua
423 2244 518 2299 statim
532 2244 672 2314 subditur,
688 2245 731 2300 vel

146 2332 227 2371 error
242 2315 412 2386 negationis,
428 2316 462 2370 de
481 2331 537 2385 quo
553 2314 583 2370 in
601 2317 732 2373 Passione

123 2388 128 2395 '
145 2386 361 2454 dicitur,locum
374 2386 536 2442 invenisset.
548 2385 626 2442 Sicut
636 2394 732 2443 autern

145 2474 196 2529 pro
209 2456 341 2513 omnibus
356 2457 494 2528 Apostolis
506 2459 606 2513 Petrus
618 2474 732 2529 respon-

145 2527 198 2597 dit,
212 2530 251 2584 ita
271 2529 300 2582 in
325 2544 358 2582 eo
384 2527 515 2585 omnibus
534 2530 627 2584 claves
650 2528 731 2600 regni

147 2599 285 2655 Dominus
305 2600 444 2669 promisit,
465 2598 561 2654 dicens
582 2617 588 2656 :
609 2603 644 2655 nt
669 2601 732 2669 tibi,

143 2670 194 2741 qni
218 2685 279 2742 prae
304 2671 405 2725 ceteris
427 2670 571 2726 confessus
593 2686 637 2738 es,
661 2671 732 2726 dubo

144 2742 245 2805 eluces,
261 2741 287 2796 id
299 2748 341 2796 est
349 2739 449 2813 iudicii
462 2745 643 2812 potestatem,
654 2745 733 2810 repat

145 2814 290 2881 calorum,
311 2813 338 2867 id
359 2816 401 2868 est
420 2811 553 2868 Ecclesiae
572 2813 730 2884 praesentis,

146 2900 210 2956 quse
226 2885 328 2939 dicitur
347 2899 467 2956 reguum
485 2884 632 2954 coelorum,
653 2886 730 2956 quia,

146 2956 182 3012 ad
202 2972 282 3012 usum
300 2957 446 3027 potestatis
467 2957 528 3029 ejus
547 2956 630 3028 digno
646 2957 730 3013 mini·

142 3031 275 3096 stratum,
299 3030 428 3099 sequitur
442 3028 536 3084 aditus
559 3029 601 3083 rel
626 3029 731 3085 clausio

146 3100 227 3169 regni
243 3098 389 3154 coelorum.
407 3100 484 3154 Unde
501 3100 541 3153 ait
553 3100 730 3155 DedemCla·

146 3172 305 3223 vosautem
323 3169 348 3221 ei
363 3181 420 3222 non
436 3169 520 3222 modo
536 3169 659 3237 dantur,
682 3169 731 3224 sed

144 3236 368 3309 promittuntur,
396 3237 518 3293 necdum
537 3239 612 3293 enim
641 3239 730 3295 labri-

146 3313 217 3363 catae
229 3313 297 3363 sunt
312 3323 398 3379 super
413 3308 543 3363 incudem
555 3309 656 3378 crucis,
678 3324 731 3366 nec

146 3378 175 3434 in
195 3395 229 3434 eo
243 3380 379 3449 sanguine
399 3384 574 3451 ternperatae.
588 3380 647 3462 Ego
663 3397 732 3453 quo-

147 3464 202 3520 que
215 3448 337 3505 istarum
356 3447 476 3505 clavium
488 3450 655 3521 ministerio,
666 3468 731 3508 eum

147 3519 243 3576 inactu
267 3520 447 3590 perfectionis
483 3520 615 3592 luerint,
637 3523 731 3579 adhuc·

148 3590 177 3646 in
192 3590 320 3647 ardentis
336 3591 477 3648 Passionis
490 3594 622 3665 fornace,
639 3597 731 3667 primo

144 3661 250 3718 latroni
263 3668 292 3718 et
306 3662 456 3720 homicidae
471 3667 597 3735 aperiam
612 3668 730 3738 januam

144 3731 283 3806 paradisi;
296 3742 366 3790 utet
377 3740 408 3790 tu
422 3736 450 3791 in
461 3753 494 3793 eo
504 3737 631 3809 exemplo
641 3737 732 3809 publi-

144 3820 230 3861 canos
239 3810 267 3859 et
275 3807 439 3862 meretrices
450 3808 556 3865 intrare
571 3810 728 3880 permittas.

145 3876 186 3932 Tu
197 3876 273 3932 enim
283 3892 316 3931 su
337 3878 564 3949 ereosjudicium
575 3881 728 3950 exercebis,

144 3946 194 4019 qui
213 3891 425 4003 confitessuntur
443 3951 566 4023 cuipam,
582 3956 610 4007 et
630 3967 728 4023 exspe-

145 4019 264 4076 ctabunt
275 4033 400 4090 poenam.
412 4020 447 4076 Et
456 4021 519 4077 ideo
530 4022 647 4079 habebis
656 4023 730 4079 ordi-

144 4093 254 4147 nariam
263 4091 501 4163 jurisdictionem,
513 4099 542 4148 et
548 4094 729 4164 judiciariam

147 4163 727 4235 potestatem,adquodduorequiruntur:

145 4235 300 4290 auctoritas
312 4235 500 4308 cognoscendi
512 4236 556 4291 vel
571 4235 730 4293 arbitrandi

145 4302 182 4385 de
199 4303 295 4386 culpa;
313 4312 342 4362 et
358 4312 484 4436 gotestas
502 4306 665 4365 absolvendi
684 4309 729 4364 rel

143 4375 356 4447 atrampudican
377 4379 470 4453 i‚quae
482 4377 728 4438 duosubnomine

779 532 901 590 clarium
916 530 966 586 tibi
981 528 1055 585 dabo
1071 549 1078 584 ε
1093 548 1108 581 a
1123 529 1185 586 haec
1200 529 1286 587 Dedo.
1304 529 1368 587 Cla·

779 621 828 661 ves
839 620 907 676 ergo
920 602 1001 674 regni
1011 600 1148 657 eoelorum
1165 601 1256 672 ipsam
1267 601 1372 658 discre-

779 678 887 733 tionem
908 679 937 730 et
953 672 1109 745 potentiam
1132 673 1263 729 nominat
1284 691 1291 730 ε
1311 673 1370 728 dis-

781 748 936 804 cretionem
961 760 1017 816 qua
1043 743 1144 816 dignos
1171 743 1213 800 rel
1237 743 1373 814 indignos

781 819 939 887 discernat3
978 816 1116 872 atentiam
1136 832 1214 886 vero,
1229 830 1286 887 qua
1304 815 1372 887 liget

781 891 825 946 vel
843 890 942 945 solvat.
958 832 1050 944 Elaris
1066 889 1171 960 quippe
1191 891 1234 943 est
1250 893 1374 959 potestas

781 963 913 1034 quaedam
934 959 1088 1032 spiritualis
1114 959 1371 1031 supernaturaliter

781 1034 869 1090 aDeo
889 1033 955 1087 data
981 1036 1010 1087 et
1033 1030 1138 1098 inlusa,
1158 1046 1216 1086 non
1232 1031 1330 1086 innata
1343 1036 1373 1086 et

781 1104 930 1175 acquisita.
950 1104 985 1158 Et
1009 1102 1078 1158 dicit
1099 1103 1145 1158 hie
1168 1101 1275 1171 illoesa,
1292 1102 1370 1173 quod

783 1176 846 1232 duae
869 1178 936 1231 sunt
959 1173 1065 1240 clares,
1090 1172 1199 1230 scilicet
1221 1190 1228 1228 :
1251 1171 1372 1229 seientia

783 1245 972 1316 discernendi,
994 1261 1027 1301 ac
1053 1249 1178 1316 potestas
1204 1242 1313 1315 ligandi
1341 1250 1371 1300 et

782 1316 920 1374 solvendi.
936 1317 1016 1374 Unde
1034 1317 1181 1372 sciendum
1201 1316 1278 1385 quod
1298 1314 1372 1373 sicut

784 1390 813 1445 in
833 1390 891 1445 sole
908 1389 1037 1461 potentia
1054 1387 1253 1458 liquefaciendi
1275 1395 1304 1442 ct
1325 1386 1370 1443 in·

784 1460 906 1517 durandi
930 1475 985 1515 una
1003 1465 1044 1515 est
1062 1458 1092 1514 in
1111 1459 1216 1522 radice,
1233 1459 1283 1514 sed
1307 1461 1372 1515 duae

784 1532 813 1588 in
845 1531 1010 1599 effectibus,
1036 1529 1076 1586 sic
1102 1536 1212 1586 tantum
1243 1546 1300 1586 una
1329 1538 1375 1587 est

783 1604 870 1659 claris
892 1603 921 1658 in
939 1602 1046 1671 radice,
1062 1602 1112 1658 sed
1132 1601 1195 1657 duae
1213 1602 1241 1657 in
1261 1601 1370 1658 ellecti-

785 1674 846 1731 bns.
861 1674 953 1732 Claris
964 1674 1039 1730 enim
1053 1671 1157 1728 dicitur
1165 1677 1288 1744 potestas
1299 1675 1373 1744 jndi-

785 1747 867 1802 eandi
884 1747 913 1801 in
929 1745 990 1800 loro
1007 1744 1180 1813 animarum,
1195 1760 1254 1799 non
1269 1760 1372 1814 corpo·

784 1832 863 1886 rum;
893 1821 1019 1888 potestas
1045 1822 1140 1871 autern
1163 1816 1310 1887 judicandi
1337 1833 1372 1872 ex

785 1888 895 1945 duobus
914 1887 1093 1959 integratur:
1108 1902 1139 1941 ex
1159 1892 1298 1957 potestate
1316 1888 1373 1944 dis·

785 1959 921 2015 cernendi
941 1960 971 2014 in
992 1974 1083 2014 causae
1103 1958 1323 2023 examinatione,
1343 1966 1372 2016 et

786 2035 965 2102 estpotestate
980 2028 1141 2085 diffiniendi
1163 2030 1191 2085 in
1209 2045 1302 2087 causae
1321 2032 1372 2087 de·

785 2099 1373 2172 terminatione,persententiamcondem·

786 2173 927 2230 natoriam
958 2172 1001 2228 rel
1030 2172 1244 2230 absolutoriam.
1274 2175 1372 2231 Prima

785 2249 910 2316 potestas
929 2245 1033 2301 dieitur
1048 2244 1095 2300 hic
1114 2242 1243 2312 scientia,
1263 2261 1321 2301 non
1341 2253 1373 2302 ut

786 2320 829 2371 est
840 2316 952 2372 habitus
963 2316 1143 2387 cognitionis,
1153 2316 1203 2371 sed
1218 2319 1372 2374 auctoritas

787 2393 816 2443 et
833 2391 955 2457 potestas
976 2387 1156 2443 discernendi
1179 2394 1207 2442 et
1224 2389 1371 2459 judicandi

787 2474 837 2530 per
852 2457 1000 2515 scientiam
1014 2459 1210 2530 praebabitam.
1223 2460 1287 2515 Alia
1299 2461 1370 2516 diei-

787 2535 834 2585 tur
851 2531 978 2601 potentia
997 2530 1164 2585 admittendi
1184 2530 1220 2585 ad
1241 2547 1371 2601 regnum,

786 2601 830 2657 rel
850 2600 1027 2668 excludendi,
1040 2603 1197 2657 secundnm
1216 2617 1314 2658 verum
1328 2605 1373 2675 ju-

787 2672 892 2728 dicium
925 2672 1131 2743 praelrabitum;
1166 2673 1233 2743 quia
1269 2674 1375 2730 debent

787 2742 897 2811 indigni
911 2744 1031 2812 excludi,
1042 2749 1070 2799 et
1083 2744 1163 2815 digni
1178 2745 1277 2814 recipi.
1294 2747 1374 2802 Unde

785 2814 942 2870 Demerdus
963 2832 972 2869 t
995 2832 1008 2866 u
1034 2817 1133 2870 Petrus
1152 2814 1244 2870 clares
1264 2819 1374 2887 accepit

787 2885 816 2941 in
837 2887 956 2941 scientia
973 2891 1002 2940 et
1017 2890 1152 2955 potestate
1166 2884 1219 2941 sibi
1238 2887 1304 2942 data
1321 2888 1372 2944 de-

786 2972 887 3028 super,
913 2962 942 3011 et
966 2955 1010 3011 bae
1036 2958 1127 3012 claves
1155 2965 1221 3013 sunt
1250 2965 1372 3028 potestas

786 3026 932 3100 aperiendi
956 3034 984 3083 et
1006 3026 1167 3096 claudendi,
1190 3036 1276 3100 atque
1300 3032 1373 3086 inter

786 3099 977 3155 admittendos
999 3106 1027 3154 et
1052 3101 1241 3156 excludendos
1266 3102 1371 3158 disere-

786 3171 837 3227 tio.
860 3190 874 3222 t>
901 3171 1007 3226 Deinde
1032 3172 1202 3242 subjungit:
1223 3175 1260 3228 Et
1288 3174 1373 3246 qaod·

786 3256 899 3311 cumque
913 3242 1043 3310 licaveris
1060 3258 1142 3314 saper
1158 3248 1269 3307 terem,
1286 3246 1372 3300 idest

786 3312 1373 3385 ipsosuperterramrivente,ei·ittinctum

785 3387 812 3439 et
828 3387 858 3440 ia
872 3386 957 3455 ecelis,
974 3385 1001 3439 id
1019 3391 1072 3454 est,
1086 3386 1208 3442 eoelestis
1223 3403 1301 3442 curra
1321 3404 1372 3457 ap·

785 3455 918 3526 probabit
933 3462 961 3511 et
978 3456 1167 3512 confirmabit.
1185 3459 1222 3512 Et
1238 3458 1373 3514 similiter

785 3527 975 3598 quodcumque
983 3529 1097 3583 solveris
1107 3544 1189 3599 super
1200 3535 1312 3591 terrem.
1321 3533 1373 3585 erit

785 3599 904 3654 solutum
920 3602 945 3653 et
961 3601 992 3654 in
1012 3601 1086 3655 coctis
1102 3622 1108 3655 :
1131 3601 1183 3655 hoc
1203 3607 1256 3668 est,
1271 3617 1375 3657 secun·

786 3670 851 3726 dum
862 3670 1373 3745 Glossom,quemcumqueindignum

786 3742 953 3797 remissione
965 3742 1138 3814 judicaveris
1154 3744 1220 3797 dum
1237 3744 1314 3811 vivit,
1332 3746 1374 3799 in·

785 3811 887 3883 dignus
910 3814 984 3883 apud
1012 3814 1101 3869 Deum
1126 3814 1322 3885 judicabitur;
1348 3818 1376 3871 et

785 3898 993 4009 guemcumque
1012 3885 1180 3941 solvendum
1201 3884 1375 3956 judicaveris

806 3969 853 4010 um
867 3956 947 4025 vivit,
960 3956 1157 4011 remissionem
1172 3971 1189 4012 a
1203 3957 1261 4012 Deo
1278 3973 1373 4014 consc-

785 4031 898 4107 quetur.
921 4027 987 4081 liaec
1013 4033 1108 4082 autem
1135 4027 1261 4082 solvendi
1286 4036 1372 4100 atque

785 4095 892 4169 ligandi
912 4102 1045 4167 potestas,
1062 4112 1118 4153 non
1138 4099 1188 4154 soli
1211 4100 1306 4168 Petro,
1322 4101 1371 4157 sed

785 4172 814 4224 et
827 4170 929 4223 ceteris
940 4167 1080 4237 Apostotis
1100 4171 1166 4225 data
1181 4174 1223 4224 est
1239 4186 1256 4225 a
1271 4172 1370 4227 Domi-

784 4254 836 4308 no;
853 4242 882 4293 ot
903 4254 960 4293 non
979 4243 1089 4295 tantum
1104 4241 1254 4311 Apostolis,
1271 4259 1370 4300 rerum

784 4310 870 4365 etiam
885 4309 1029 4382 Episcopis
1043 4318 1070 4368 et
1084 4313 1263 4382 presbyteris,
1281 4315 1370 4371 omui-

783 4394 839 4454 que
848 4381 991 4441 Ecclesiae.
1000 4383 1042 4442 lta
1050 4390 1146 4443 tamen
1155 4384 1232 4458 quod
1245 4392 1368 4457 potestas
