2820 4928
99 481 161 560 post
176 473 280 532 lectum
298 468 482 545 penituerit3
505 472 560 528 hoc
583 474 680 528 tamen

99 545 236 605 inutiliter
244 542 380 616 luit,quia
390 558 441 616 per
450 541 681 616 desperationem

98 621 195 690 laqueo
213 633 242 674 aa
257 615 410 688 suspendit.
429 614 508 672 Unde
525 614 564 672 ait
583 617 681 671 Hiero·

96 706 209 762 aymus:
223 710 238 741 «
252 688 340 745 ludas
350 692 445 744 autem
456 686 619 756 necprimo,
629 703 682 743 nec

95 760 218 820 secundo
238 763 400 831 correptus,
416 776 433 816 a
455 757 617 840 proditione
636 774 681 840 ζεῖ

93 833 181 890 trabit
195 833 297 904 pedem
310 849 317 900 ;
332 831 382 887 sed
405 830 545 902 patientia
567 833 678 888 Domini

97 905 187 963 nutrit
198 904 404 976 impudentiam
416 919 506 972 suam,
518 908 545 958 et
553 901 616 958 ideo
624 917 680 973 poe·

94 993 132 1034 na
148 976 321 1048 praedicitur,
341 979 369 1031 ut
417 990 480 1031 uem
502 974 596 1046 pudor
623 989 680 1030 non

96 1049 215 1117 vicerat,
235 1047 379 1118 corrigant
394 990 561 1103 genuntrata
576 1046 680 1128 suppli·

97 1122 150 1178 cia.
165 1140 179 1174 i>
194 1123 228 1177 Et
242 1137 278 1176 ne
297 1118 475 1176 mitissimam
490 1133 604 1190 poenam
619 1133 680 1188 eJus

97 1192 331 1264 intelligeremus,
342 1190 471 1263 adjungit
483 1209 489 1248 :
501 1193 605 1247 Beuum
621 1193 680 1244 erat

97 1268 133 1331 ei,
143 1267 170 1321 si
182 1270 276 1331 notus,
292 1263 398 1320 scilicet
415 1264 442 1319 in
456 1269 548 1332 utero,
565 1278 618 1319 uoa
631 1263 679 1328 su-

95 1340 162 1394 isset
176 1338 253 1392 bomo
267 1337 325 1401 iile,
343 1339 428 1391 tutet
447 1333 532 1390 tantis
551 1332 679 1390 crimini-

96 1409 151 1467 bus
178 1408 320 1476 loedatus;
354 1405 402 1477 qui
428 1410 537 1478 patrem
565 1405 678 1474 occidit,

96 1486 218 1538 matrem
232 1477 530 1560 stuprarit,Cbristum
540 1477 678 1559 prodidit,

96 1551 220 1623 seipsum
235 1551 385 1619 suspendio
416 1554 570 1605 interemit.
596 1551 677 1618 Quia,

96 1623 252 1680 secundum
266 1624 473 1689 Hieronymum,
490 1619 592 1676 melius
617 1625 680 1677 erat

94 1693 121 1751 ei
138 1708 196 1749 non
210 1708 283 1760 esse,
294 1691 427 1763 quemad
440 1695 583 1747 tormenta
594 1707 657 1748 esse
669 1709 677 1762 ;

97 1765 184 1822 multo
207 1761 284 1821 enim
306 1760 408 1818 melius
424 1768 467 1818 est
486 1778 545 1818 non
572 1762 677 1819 subsis-

95 1842 167 1908 tere,
181 1851 266 1919 quam
279 1833 353 1891 male
366 1834 522 1891 subsistere
537 1853 545 1889 :
572 1835 679 1891 bonum

95 1910 212 1966 enimin
228 1907 357 1964 hocloco
371 1904 509 1979 accipitur
521 1921 572 1978 pro
585 1906 679 1964 minus

95 1981 182 2038 malo.
199 1980 290 2037 llinus
311 1984 405 2035 autem
430 1979 537 2035 malum
552 1983 606 2048 est,
622 1994 680 2035 non

95 2069 157 2110 csse
176 2051 353 2124 simpliciter,
373 2066 459 2122 quarn
486 2067 548 2107 esse
564 2050 681 2107 damna·

96 2128 170 2193 tum3
185 2123 263 2197 quia,
275 2122 327 2179 etsi
343 2138 398 2178 non
414 2122 450 2178 sit
465 2124 559 2178 minus
574 2123 680 2179 malum

96 2197 206 2252 ratione
217 2210 308 2267 poeuae
321 2194 474 2264 adjunctae,
483 2209 548 2264 quae
559 2210 616 2250 uon
627 2193 681 2265 pri·

96 2271 143 2322 vat
156 2273 247 2322 toturn
260 2281 322 2322 esse
334 2268 472 2332 creatum,
485 2270 680 2321 verumtamen

96 2336 192 2393 minus
205 2335 311 2391 malum
323 2339 363 2391 est
375 2338 484 2390 ratione
497 2335 587 2407 culpae
602 2352 679 2392 mor·

96 2409 170 2477 talis,
201 2422 264 2478 que
294 2404 522 2477 inseparabiliter
553 2407 680 2464 adhaeret

97 2481 253 2548 damnatis3
269 2483 298 2535 et
321 2476 383 2550 ipsa
397 2494 453 2534 non
473 2477 566 2535 solum
586 2479 680 2551 privat

96 2552 240 2624 quoddam
255 2566 317 2607 esse
339 2555 465 2608 creatum
489 2549 563 2608 sicut
583 2567 679 2623 poena,

96 2623 249 2682 sedetiam
278 2624 371 2696 privat
396 2623 501 2679 bonum
524 2621 678 2693 inlinitum,

98 2695 206 2753 scilicet
221 2696 346 2752 divinum
362 2717 368 2751 :
386 2700 503 2766 propter
524 2695 600 2766 quod
617 2711 679 2751 esse

96 2767 243 2837 miserum,
281 2767 396 2822 miseria
432 2766 521 2837 culpae
550 2766 679 2822 mortalis

95 2837 281 2907 aeternaliter,
297 2839 351 2894 hoc
370 2841 414 2894 est
428 2839 508 2911 pejus
528 2852 616 2908 quam
642 2838 681 2895 sit

97 2926 156 2968 non
172 2927 234 2968 esse
251 2908 427 2982 simpliciter.

132 2988 148 3038 5
162 2985 360 3040 lurnnnoonrio
371 2984 386 3039 J
390 2999 458 3051 uua,
469 2999 501 3038 cr
513 2983 621 3040 Cnmsni
633 3000 679 3040 nn·

96 3072 218 3112 sconsio.
237 3085 270 3096 -
291 3056 334 3124 lit,
353 3054 420 3126 quia
444 3056 530 3111 ceteri
548 3054 678 3127 discipuli

96 3143 162 3184 eum
177 3126 272 3184 tristes
288 3125 544 3199 interrogaverant,
559 3126 679 3184 interro·

95 3205 144 3270 gat
154 3215 219 3256 eum
233 3207 260 3255 et
279 3199 338 3269 ipse
353 3214 437 3269 quiem
451 3198 624 3255 conscientia
636 3215 680 3255 re·

97 3272 297 3334 mordebat,ne
312 3271 430 3327 tacendo
442 3287 472 3326 se
481 3272 677 3328 crimensuum

97 3342 218 3411 prodere
229 3341 373 3397 rideretur
385 3360 392 3410 3
405 3341 427 3396 si
446 3341 524 3397 cuim
539 3343 599 3414 ipse
615 3342 676 3400 aliis

97 3412 132 3466 de
147 3413 200 3466 boc
213 3411 406 3481 quarentibus
421 3413 677 3486 tacuisset,suspe-

97 3485 172 3538 ctum
189 3497 219 3537 se
232 3482 272 3536 eis
282 3481 461 3548 reddidisset,
476 3485 550 3539 unde
564 3502 676 3554 respou-

97 3553 163 3609 deus
177 3552 276 3621 ludus,
291 3553 340 3622 qui
354 3553 474 3606 tradidit
487 3570 557 3622 cum,
578 3557 672 3612 dixit:

94 3624 238 3697 Numquid
253 3639 302 3697 epo
314 3638 385 3692 sum,
399 3624 512 3681 natet?
522 3627 582 3682 Non
593 3632 676 3683 vocat

93 3713 158 3755 eum
177 3696 338 3765 bominum,
350 3695 423 3753 sicut
436 3695 494 3765 alii,
510 3697 575 3769 quia
586 3698 675 3770 jama

93 3785 124 3826 se
147 3775 310 3827 excusserat
335 3769 435 3839 jugum
462 3768 585 3841 Domini,
611 3770 674 3828 aliis

92 3842 145 3898 sub
163 3843 225 3913 ejus
239 3842 308 3913 jugo
323 3841 536 3898 remanentibus
551 3861 558 3913 ;
574 3848 612 3912 et,
628 3859 673 3900 se-

92 3914 216 3970 cundum
227 3916 670 3983 Hieronymummontlominum,

91 3985 140 4041 sed
158 3987 323 4056 Magistrum
342 3989 433 4055 vocat,
449 3985 530 4054 quasi
553 4002 672 4043 excusa·

91 4053 197 4112 tionem
211 4055 367 4126 babeat,si,
380 4054 499 4112 Domino
518 4055 669 4128 denegato,

39 4152 44 4157 ·
89 4128 189 4184 saltem
205 4130 369 4199 Magistrum
395 4127 561 4201 prodiderit.
581 4131 614 4184 Et
628 4132 670 4187 eit

85 4199 155 4253 itti-r
173 4201 213 4255 ru
227 4200 337 4256 dixisti.
348 4199 432 4267 Quasi
442 4199 561 4270 diceret,
570 4216 668 4258 secun·

84 4268 152 4325 dum
168 4271 312 4326 bobonum
328 4289 336 4326 :
352 4273 392 4327 Tu
405 4271 552 4344 prodidisti
565 4277 669 4342 te,non

84 4354 147 4414 ogo.
175 4341 279 4400 Eadem
301 4341 412 4405 ratione
439 4345 599 4402 confutatus
624 4350 667 4403 est

466 368 622 423 secutus
649 368 766 424 ituris
793 367 898 421 CAPUT
927 365 969 419 ΙΝ

739 467 878 541 proditor,
898 484 959 541 qua
975 468 1097 533 Pilatus
1114 467 1231 541 iniquus
1239 469 1317 542 indier

738 540 929 598 torllondum
940 556 1050 598 coram
1063 541 1110 598 eis
1121 557 1192 598 eum
1205 541 1317 609 exprimit

739 628 790 669 nec
805 612 942 670 delictum
966 628 1058 671 suum
1081 613 1115 670 in
1142 613 1200 670 boc
1216 612 1318 687 aliispn·

739 684 862 752 blicavit,
890 686 941 741 sed
972 684 1174 742 conscientiae
1201 685 1276 742 Judae
1300 702 1320 742 se

738 757 799 827 ejus
813 756 951 813 delictum
968 755 1048 814 scire
1058 756 1251 830 significarit.
1261 758 1321 814 Pete

738 833 782 883 rat
798 828 874 884 enim
903 844 957 900 per
982 830 1040 886 boc
1068 831 1198 886 verbum
1224 837 1322 887 menten

736 899 818 957 luda
832 899 872 956 sic
888 916 1021 970 movere,
1040 902 1127 972 quod
1140 901 1215 958 alios
1229 900 1322 966 latebat

737 973 812 1027 unde
825 977 919 1044 potest
935 971 1072 1046 intelligi
1091 990 1098 1028 :
1115 974 1177 1047 Ego
1196 973 1323 1042 nordico,

736 1044 786 1099 sed
800 1050 830 1100 tu
847 1043 940 1113 dieis;
967 1046 1024 1113 vel,
1056 1050 1160 1116 potest
1185 1047 1280 1117 erponi
1298 1046 1323 1102 de

737 1115 896 1172 assertione
910 1116 1020 1185 cordis,
1039 1117 1129 1188 quasi
1140 1117 1251 1175 diceret
1263 1136 1270 1176 :
1283 1118 1322 1174 tiu

737 1186 910 1257 interrogas,
928 1188 1012 1259 quasi
1030 1188 1167 1259 nescius,
1183 1190 1234 1246 sed
1257 1191 1322 1246 corde

736 1258 818 1326 dicis,
836 1264 864 1316 et
880 1264 977 1316 ratum
994 1261 1095 1318 babes
1118 1268 1147 1317 te
1163 1278 1229 1318 esse
1244 1261 1321 1334 prodi·

736 1335 839 1387 torem.
855 1333 934 1399 Ecce,
952 1333 1046 1388 miser
1062 1333 1171 1404 borno,
1187 1334 1265 1391 rides
1281 1335 1320 1390 llo

736 1402 846 1458 minum
860 1405 957 1460 omnia
979 1403 1072 1473 scire,
1089 1421 1146 1462 nec
1175 1413 1254 1463 tuam
1270 1422 1321 1463 ron

735 1474 882 1531 scientiam
897 1491 962 1532 eum
978 1477 1095 1533 laterel
1124 1479 1220 1536 Cessa
1243 1478 1320 1552 igitur,

736 1550 765 1603 et
777 1547 922 1604 confitere.
935 1546 987 1604 llic
997 1549 1217 1621 admonemur,
1230 1560 1258 1607 ut
1269 1567 1320 1622 pec-

736 1625 858 1687 cantem,
882 1618 974 1690 primo
1005 1637 1077 1677 cum
1108 1622 1321 1680 mausuetudine

736 1706 904 1762 arguamus;
919 1697 993 1763 post,
1007 1691 1034 1748 si
1048 1697 1233 1766 peccaverit,
1244 1693 1321 1769 grati·

735 1779 785 1830 us;
807 1762 843 1818 ad
868 1763 1010 1832 ultimum,
1041 1765 1238 1837 gravissime.
1261 1769 1323 1823 liant

736 1833 939 1891 enimlormam
956 1836 1043 1892 nobis
1053 1837 1203 1895 Dominus
1214 1839 1322 1911 reliquii.

736 1907 784 1977 qui
802 1905 893 1975 primo
908 1905 1002 1963 dixit:
1027 1911 1108 1965 Unus
1134 1927 1173 1966 ea
1196 1913 1271 1968 vobis
1290 1926 1322 1965 ate

735 1979 891 2034 traditurus
906 1983 946 2034 est
955 1998 965 2047 ‚·
979 1980 1111 2037 secundo
1129 1999 1136 2038 :
1153 1984 1211 2050 Qui
1222 1984 1321 2051 intueti

736 2065 839 2105 mecum
858 2067 969 2106 manum
987 2054 1019 2106 iu
1039 2056 1212 2126 paropside,
1228 2057 1271 2111 iic
1290 2069 1321 2110 ut

736 2123 842 2188 tradet;
857 2122 961 2179 tertio:
978 2126 1019 2178 tu
1034 2124 1156 2182 diruti.

772 2194 788 2242 6
804 2195 935 2251 Cuntsrus
951 2212 1131 2253 nnourronnrt
1160 2200 1261 2255 Jonrrrn
1281 2215 1318 2254 rt·

736 2281 805 2334 cire,
826 2284 873 2320 ssu
901 2284 1004 2322 irnnro
1023 2285 1120 2339 stoue,
1144 2288 1278 2327 menium.
1292 2300 1318 2311 -

735 2340 805 2392 Erat
819 2343 915 2394 autom
928 2355 999 2394 uuus
1011 2355 1047 2394 ec
1062 2342 1229 2413 discipulis,
1243 2344 1317 2400 Joan·

736 2424 787 2464 nes
802 2409 919 2477 seilicet,
933 2428 1012 2481 quem
1029 2413 1269 2485 diligebatlesus,
1281 2430 1317 2470 re·

737 2482 872 2552 curaberis,
889 2481 918 2537 id
937 2488 980 2539 est
1001 2483 1177 2556 reclinatus,
1195 2487 1319 2543 sermoni·

736 2553 790 2609 bus
805 2552 866 2609 istis
880 2553 1003 2623 territus,
1018 2563 1253 2631 etsemetipsum
1267 2573 1318 2614 sus

735 2624 827 2681 tinere
853 2642 910 2681 non
934 2626 1043 2697 valens,
1063 2645 1099 2685 eo
1121 2631 1201 2702 quod
1221 2636 1318 2687 terrore

736 2701 798 2751 erat
825 2698 977 2766 resolutus,
1004 2702 1034 2755 in
1058 2703 1137 2766 sinu,
1156 2702 1216 2759 sive
1244 2716 1319 2775 supra

737 2773 832 2837 pectus
859 2771 932 2840 iesu,
957 2771 1096 2841 quoniam
1122 2773 1275 2839 inclinate,
1291 2788 1319 2830 ac

736 2841 815 2910 quasi
832 2847 900 2923 aute
922 2848 1029 2914 pectus,
1047 2850 1075 2899 et
1093 2861 1188 2929 prope
1209 2864 1240 2904 os
1257 2847 1319 2918 ejus,

735 2913 899 2992 appodravrt
918 2930 948 2970 sc
968 2930 1055 2987 super
1072 2918 1243 2989 Dominum,
1258 2923 1320 2974 sicut

734 2987 848 3041 innixus
867 3001 952 3058 super
967 2986 1104 3045 dilectum
1121 3007 1227 3059 suum;
1244 2991 1318 3048 etsie

735 3063 796 3111 erat
809 3055 911 3114 idonee
921 3060 1073 3130 positusad
1084 3059 1318 3135 interrogandum

735 3126 843 3198 aliquid
858 3139 966 3187 secrete
980 3132 1015 3187 ab
1029 3148 1073 3203 eo,
1092 3138 1123 3189 et
1137 3134 1316 3192 audiendum.

735 3200 805 3256 Cum
821 3216 889 3274 ergo
912 3202 967 3259 isla
983 3204 1105 3275 ‹puaestio
1121 3223 1140 3263 a
1155 3206 1277 3281 singulis
1292 3205 1317 3262 li·

734 3277 806 3339 eret,
832 3276 925 3329 innuit
952 3276 1015 3330 duic
1041 3279 1153 3347 Petrus,
1170 3284 1199 3335 et
1227 3281 1316 3334 dtur:

734 3344 801 3409 Quis
815 3346 896 3400 estde
906 3363 959 3416 quo
973 3347 1064 3403 dicit?
1080 3349 1112 3404 ld
1129 3355 1174 3407 est
1192 3367 1249 3407 non
1264 3365 1316 3406 rer·

733 3414 777 3471 bis
790 3422 818 3471 et
832 3419 970 3486 sonando,
985 3419 1034 3475 sed
1056 3424 1260 3479 tautummodo
1275 3438 1316 3478 nu

733 3492 762 3541 tu
780 3488 917 3559 corporis,
935 3495 963 3544 et
985 3489 1144 3562 innuendo,
1161 3494 1235 3551 dixit
1252 3493 1276 3551 ci
1291 3497 1314 3549 ut

732 3563 839 3615 secreto
860 3566 1000 3628 quareret
1016 3578 1034 3617 a
1049 3564 1187 3635 Domino,
1202 3566 1265 3639 quis
1282 3581 1314 3622 ce

732 3635 774 3685 set
785 3629 821 3712 de
836 3647 891 3703 quo
907 3632 1027 3703 dixerat;
1044 3635 1100 3703 vel,
1112 3637 1211 3709 primo
1221 3639 1314 3704 innuit,

731 3705 759 3756 et
774 3702 878 3760 deinde
892 3721 949 3761 non
966 3712 1120 3764 contentus
1141 3716 1229 3780 nutu,
1239 3710 1313 3766 dicit.

730 3773 802 3828 Nota
816 3776 889 3831 Petri
901 3776 1314 3854 reverentiampropterquam

729 3841 796 3900 licet
807 3846 911 3927 major,
921 3852 950 3904 et
964 3847 1094 3921 princeps
1110 3853 1312 3925 Apostolorum,

729 3930 788 3971 non
806 3925 966 3992 interrogat
982 3921 1137 3980 Dominum
1153 3940 1207 3997 per
1223 3922 1310 3994 seseli

728 3990 943 4058 perminorem.
959 3995 1066 4064 ltaque,
1075 4010 1139 4050 cum
1154 4001 1184 4053 et
1196 3996 1259 4070 ipse
1270 3997 1311 4054 Jo-

727 4073 818 4116 annes
842 4063 1016 4134 stupefactus
1029 4080 1063 4121 ac
1076 4067 1247 4125 cordialiter
1257 4067 1311 4141 gla-

727 4129 818 4212 diatus
837 4149 937 4190 versus
953 4135 1106 4194 Dominum
1122 4139 1218 4213 magis
1229 4157 1259 4197 se
1273 4139 1309 4195 in·

726 4202 1024 4274 clinans,recubuisset
1033 4224 1122 4281 supra
1133 4214 1311 4283 pecuniosus

725 4274 795 4332 dicit
807 4278 842 4342 ei,
854 4277 907 4333 sub
917 4276 1006 4336 missa
1016 4295 1102 4337 voce:
1114 4285 1241 4358 domiue,
1254 4283 1307 4366 qui,

724 4348 1308 4421 estruesponduuomtnustesussamtia·
