2820 4928
214 323 254 378 bt
282 323 461 387 tistulis,
489 324 562 380 llic.
591 326 632 379 tlt
659 324 844 380 lxtlultlo
870 324 995 381 uulsis
1023 326 1058 380 lu
1085 321 1190 380 blus.
1271 320 1317 377 tbi

85 429 210 490 tendere
222 428 254 488 in
267 429 403 489 omnibus
420 430 553 504 operibus
569 432 676 491 nostris

85 505 227 561 honorem
242 508 270 560 et
283 503 483 571 reverentiam,
498 511 583 575 atque
596 521 674 562 amo-

86 591 151 633 rem
169 577 229 638 Dei.
247 574 314 647 qnia
333 578 358 631 in
377 592 406 633 se
421 575 524 647 dignus
540 582 583 632 est
599 594 675 634 ama·

86 650 123 717 ri,
149 653 177 704 et
196 646 331 704 honorari
358 663 409 719 per
431 663 546 704 omnem
563 654 672 707 creatu·

85 736 161 778 ram.
181 750 211 759 -
244 719 375 776 Secunda
397 719 470 776 ratio
494 724 547 785 cst,
568 723 635 791 quia
650 722 673 777 si

85 790 222 849 attendas
233 799 302 862 quot
314 791 465 863 despectus
479 800 508 848 et
521 791 672 864 vituperia,

729 432 803 507 plius
826 434 924 507 fugere
950 433 1020 491 vitia
1041 437 1070 490 et
1093 436 1210 506 peccata
1225 448 1312 504 quam

730 523 865 578 umquam
881 514 999 564 conatus
1020 504 1118 562 fueris.
1141 536 1165 544 ·-
1186 506 1221 562 Se
1244 504 1312 562 tima

728 577 867 648 retineat,
884 578 951 651 quia
961 577 984 634 si
994 577 1122 635 attendas
1132 521 1311 634 altituiiincm

728 657 755 706 ot
770 651 973 722 perfectionem
994 649 1059 706 vitae
1079 650 1246 706 Sanctorum
1264 652 1314 705 Pa-

728 727 814 787 trum‚
832 721 875 777 vel
890 738 989 779 eorum
1010 720 1113 777 multas
1128 725 1155 776 st
1171 721 1312 792 perfectas

728 793 856 862 virtutes,
886 810 1040 864 cognosces
1068 791 1311 865 imperfectionem

86 868 157 937 quot
166 867 306 933 egestates
322 867 351 919 et
367 862 511 935 penurias,
531 870 600 935 quot
615 865 673 921 do·
696 866 699 909 Ι
727 871 755 922 et
774 865 968 923 infirmitatem
986 864 1050 921 vitae
1071 870 1128 920 tuae
1143 869 1172 919 et
1191 879 1311 936 operum

84 934 163 992 iores
176 939 204 991 et
219 935 365 1005 passiones
379 934 511 991 sustinuit
524 936 609 991 lilius
623 938 671 992 [lei

86 1021 186 1065 amore
195 1004 247 1074 tui,
260 1009 290 1062 ut
300 1013 412 1063 ameset
426 1007 549 1063 bonores
564 1009 670 1079 Denm;

86 1092 243 1151 cognosces
256 1077 322 1150 quia
337 1094 439 1150 parum
452 1084 496 1135 est
515 1081 589 1150 quod
604 1079 671 1136 feci-

87 1151 125 1207 sti
142 1149 179 1207 ad
200 1151 289 1205 ileum
304 1152 458 1206 amandum
477 1157 506 1207 et
527 1152 672 1208 honoran-

86 1221 168 1290 dum,
181 1222 338 1278 secundnm
352 1223 406 1277 hoc
419 1222 496 1294 quod
511 1223 604 1279 facore
623 1225 671 1279 de-

86 1293 182 1350 beres.
199 1293 255 1349 Ista
271 1296 343 1350 ratio
365 1298 408 1348 ost
434 1293 519 1349 altior
531 1300 560 1350 et
576 1294 670 1367 perfe-

87 1363 161 1422 ctior
188 1379 274 1435 quam
302 1365 399 1436 aliqua
423 1368 613 1437 sequentium,
644 1372 672 1423 et

87 1436 153 1493 ideo
166 1435 283 1508 ponitur
294 1436 429 1493 secundo.
444 1436 584 1494 -Tertia
598 1437 670 1494 ratio

87 1512 143 1576 est,
157 1507 224 1580 quia
250 1506 272 1563 si
298 1507 405 1578 cogitas
428 1507 621 1566 innocentiam
643 1514 671 1566 el

86 1578 291 1653 perfectionem
311 1594 395 1650 quam
415 1581 534 1654 deberes
554 1582 670 1650 babere,

87 1650 245 1708 secundum
263 1650 312 1708 Dei
333 1652 509 1719 mandatum,
525 1668 577 1725 per
596 1653 671 1724 quod

86 1723 196 1779 teneris
219 1738 282 1779 esse
308 1722 415 1794 absque
446 1723 522 1780 omni
549 1723 626 1784 vilio.
643 1730 672 1782 et

85 1793 151 1851 sine
171 1796 249 1851 omni
273 1795 366 1864 culpa,
390 1800 419 1850 et
436 1797 466 1851 in
494 1795 671 1868 plenitudine

87 1865 176 1923 totius
186 1865 308 1934 virtutis,
323 1865 395 1922 sicut
405 1872 449 1923 est
462 1868 538 1939 qood
552 1868 672 1925 deberes

87 1952 186 1994 amare
200 1939 290 1995 Deum
308 1955 314 1993 :
334 1954 366 1993 ex
381 1941 441 1994 toto
467 1939 553 1994 corde
569 1943 628 2007 tuo,
644 1946 673 1994 et

87 2009 215 2067 exomni
231 2012 326 2066 anima
343 2017 401 2078 tua,
416 2017 445 2066 et
463 2025 496 2066 ex
517 2015 577 2066 tota
592 2009 672 2066 forti-

86 2080 187 2137 tudine
199 2088 259 2149 tua,
269 2079 378 2137 videbis
391 2079 539 2138 manifeste
553 2080 672 2137 infirmi·

86 2155 177 2209 tatem
195 2159 223 2208 et
234 2151 409 2221 distantiam,
420 2153 450 2208 in
464 2169 559 2223 quaes
572 2169 670 2224 aprae·

88 2222 166 2281 dicta
183 2223 348 2281 innocentia
377 2230 406 2280 et
433 2224 619 2296 perfectione.
640 2257 673 2266 -

87 2296 196 2364 Quarta
210 2296 283 2352 ratio
297 2302 349 2364 est,
365 2295 432 2367 quia
446 2295 469 2352 si
485 2298 591 2368 cogitas
604 2297 675 2353 mul·

88 2366 243 2424 titudinem
260 2370 287 2422 ot
302 2366 463 2437 largitatem
473 2369 674 2425 beneficiorum

88 2438 152 2508 Ilei,
168 2448 197 2495 et
209 2437 363 2511 gratiarum
377 2439 568 2511 corporalium
581 2446 609 2495 et
621 2439 675 2511 spi·

89 2509 236 2567 ritualium
258 2510 450 2567 communium
471 2509 522 2567 tibi
543 2515 571 2566 et
591 2509 674 2579 aliis,

89 2582 133 2638 vel
151 2598 216 2664 quae
234 2581 276 2637 sio
299 2581 415 2638 ulariter
432 2581 482 2639 tibi
500 2587 566 2637 sunt
584 2582 674 2651 datae,

90 2660 196 2710 senties
213 2598 297 2724 quoti
307 2657 359 2710 boc
379 2653 455 2724 quod
475 2652 544 2709 facis
561 2659 676 2782 proXter

90 2726 193 2793 Deum,
209 2725 334 2781 estnihil
351 2726 386 2780 ad
400 2740 497 2781 recum
517 2741 605 2781 ensan
628 2741 674 2781 um

90 2795 166 2853 dicta
178 2796 318 2853 beneficia
330 2801 359 2852 et
372 2795 478 2867 gratias
492 2740 553 2865 liei,
574 2803 602 2852 et
614 2812 675 2853 ma·

89 2869 164 2925 xime
179 2868 203 2924 si
215 2867 266 2924 Dei
281 2867 481 2925 liberalitatem
497 2868 628 2925 attendas
642 2884 676 2924 ac

89 2939 259 2997 bonitatum.
278 2970 308 2980 —
322 2939 427 3007 Quinta
441 2938 514 2996 ratio
532 2943 585 3002 est.
608 2940 676 3011 quia

90 3011 115 3069 si
131 3011 240 3083 cogitas
255 3010 436 3067 altitudinem
450 3015 479 3065 et
498 3010 675 3067 nobilitatem

90 3082 330 3139 remunerationis
355 3088 383 3138 ct
406 3081 504 3153 gloria
526 3082 675 3154 promissae

91 3160 121 3210 et
135 3159 243 3226 paratae
255 3153 321 3224 illis,
338 3153 385 3225 qui
397 3155 506 3210 faciunt
521 3169 608 3225 opera
622 3153 676 3209 vir·

91 3230 186 3282 tutum
203 3226 239 3282 ad
260 3226 397 3282 bonorem
418 3224 477 3292 Dei,
503 3240 565 3296 quae
585 3225 677 3297 gloria

91 3302 174 3353 tanto
197 3297 287 3368 major
314 3298 438 3363 dabitur,
466 3301 571 3366 quanto
589 3312 676 3369 opera

90 3376 178 3425 erunt
196 3368 364 3424 virtuosiora
387 3373 416 3423 ot
439 3371 558 3437 majora,
575 3384 677 3439 cogno·

90 3455 154 3497 sces
180 3455 230 3508 pro
249 3445 327 3497 tanto
346 3447 424 3495 tuum
449 3440 582 3496 meritum
607 3438 676 3495 nibil

91 3526 156 3568 esse
177 3509 205 3566 in
225 3510 437 3579 comparatione
463 3516 549 3568 tauta
565 3510 675 3583 gloriae,

90 3587 120 3639 et
135 3582 310 3639 desiderabis
319 3584 412 3638 facere
424 3598 512 3654 opera
527 3582 677 3640 virtuosio-

88 3669 125 3710 ra
140 3668 226 3725 quam
241 3660 307 3711 ante
321 3656 438 3710 ieceras.
455 3684 489 3695 -
505 3657 588 3712 Serta
603 3655 676 3711 ratio

90 3727 146 3794 est,
161 3724 228 3796 quia
247 3727 270 3781 si
292 3725 422 3781 attendas
436 3724 677 3797 pulchritudinem

90 3801 121 3853 et
136 3795 343 3868 gratiositatem
362 3812 448 3868 quam
465 3797 571 3852 babent
587 3796 675 3853 virtu·

92 3874 137 3923 tes
150 3867 179 3923 in
192 3883 233 3936 se,
245 3868 420 3926 nobilitatem
434 3882 520 3938 quam
530 3867 626 3924 anima
636 3883 678 3924 re·

727 942 850 993 tuorum.
866 969 901 979 -
917 937 1022 994 Octava
1036 936 1107 992 ratio
1126 940 1179 1003 est,
1200 934 1267 1061 quia
1287 935 1311 991 si

727 1007 836 1080 cogitas
860 1007 1084 1081 magnitudinem
1109 1015 1137 1064 et
1157 1023 1205 1063 mu
1218 1006 1312 1062 titudi-

726 1097 792 1138 nem
812 1080 986 1137 offensarum
1002 1094 1074 1151 quas
1098 1078 1188 1134 fecisti
1213 1084 1313 1135 contra

727 1155 826 1220 baum,
843 1168 997 1224 cognosces
1012 1150 1087 1222 quod
1101 1150 1197 1208 omnia
1214 1165 1310 1222 opera,

727 1240 790 1296 quae
805 1223 874 1280 facis
887 1229 1146 1296 quantumcumque
1167 1219 1313 1302 bonapni·

727 1297 764 1352 hil
783 1296 897 1352 suntad
918 1293 1149 1352 satisfaciendum
1172 1309 1221 1364 per
1236 1308 1311 1349 viam

725 1366 844 1440 justitiae
859 1367 976 1424 offensis
1001 1364 1058 1422 Dei.
1079 1397 1109 1407 -
1136 1365 1216 1422 Nona
1237 1364 1310 1428 ratio

727 1444 779 1507 cst,
794 1439 863 1507 quia
875 1439 897 1496 si
910 1437 1063 1512 speculeris
1075 1435 1268 1493 diversitatem
1283 1442 1313 1492 et

727 1510 885 1587 periculum
909 1509 1098 1567 tentationum
1125 1527 1133 1563 :
1162 1509 1255 1564 carnis
1287 1512 1315 1563 et

727 1582 827 1638 mundi
843 1587 870 1638 et
885 1581 1002 1651 diaboli,
1018 1578 1167 1638 conaberis
1182 1580 1217 1636 ad
1232 1595 1313 1636 assu-

727 1654 862 1710 mendum
880 1655 1017 1727 majorem
1036 1650 1201 1708 firmitatem
1223 1655 1252 1708 ct
1270 1649 1315 1707 al-

727 1725 877 1782 titudinem
894 1725 922 1781 in
937 1724 1015 1782 omui
1035 1725 1138 1780 virtuto
1155 1738 1239 1796 quam
1256 1738 1315 1779 um-

727 1813 815 1869 quam
836 1796 947 1865 fereris,
970 1803 1002 1852 ut
1016 1797 1108 1868 possis
1129 1795 1237 1852 esseio
1258 1810 1317 1851 ma·

725 1868 782 1941 jori
799 1869 950 1926 securitate
964 1875 1062 1925 contra
1074 1866 1165 1925 dictas
1180 1865 1316 1924 tentatio·

729 1957 790 1996 nes.
817 1970 851 1981 -
879 1940 995 1996 Decima
1020 1937 1093 1994 ratio
1122 1944 1174 2007 est,
1204 1954 1271 2064 (hura
1289 1935 1313 1995 si

728 2010 835 2080 cogitas
859 2010 1019 2067 districtum
1039 2007 1180 2080 iudicium
1233 2010 1258 2064 ei
1280 2008 1314 2063 fi·

729 2083 804 2151 nale‚
819 2086 847 2138 et
866 2098 930 2138 cum
948 2098 1003 2153 quo
1023 2084 1161 2152 apparatu
1175 2080 1313 2137 bonorum

729 2170 860 2227 operum,
873 2158 902 2210 et
920 2169 982 2210 cum
998 2167 1053 2224 qua
1070 2150 1264 2208 satisfactione
1279 2151 1315 2207 de

721 2224 847 2283 'offensis
863 2225 910 2282 Dei
936 2225 1024 2282 debes
1043 2222 1139 2279 venire
1154 2223 1191 2279 ad
1206 2221 1313 2279 dictum

726 2298 875 2369 judicium.
907 2295 1014 2354 videbis
1040 2295 1114 2367 quod
1142 2310 1244 2368 parum
1272 2299 1315 2350 est

729 2369 806 2440 quod
823 2368 914 2425 fecisti
929 2384 981 2441 per
998 2368 1072 2424 bona
1087 2382 1184 2438 opera,
1204 2366 1248 2422 vel
1264 2382 1316 2438 per

731 2440 966 2508 misericordiam,
990 2438 1147 2495 secundum
1167 2438 1243 2510 quod
1267 2439 1315 2495 fa-

731 2527 796 2568 cere
821 2511 979 2568 debuisses.
1001 2542 1033 2550 —
1058 2508 1213 2566 Undecima
1242 2509 1315 2565 ratio

731 2587 784 2651 est,
800 2582 867 2653 quia
890 2582 913 2638 si
931 2580 1038 2651 cogitas
1065 2580 1233 2638 brevitatem
1251 2580 1315 2637 vitre

731 2660 797 2717 tuae,
814 2660 842 2710 et
857 2655 1055 2710 necessitatem
1073 2658 1128 2708 ture
1151 2654 1250 2709 mortis
1263 2652 1315 2708 du-

731 2726 796 2786 biae.
811 2731 962 2797 postquam
977 2740 1034 2780 non
1056 2721 1175 2780 habebis
1192 2726 1314 2795 spatium

730 2796 852 2854 faciendi
865 2812 952 2868 opera
968 2794 1113 2852 meritoria
1122 2796 1164 2851 vel
1176 2794 1315 2868 poeniun-

731 2871 811 2936 tiam‚
839 2882 995 2939 cognosces
1019 2865 1095 2938 quod
1120 2882 1185 2923 cum
1212 2865 1313 2937 majori

732 2941 816 2997 corde
831 2945 859 2996 et
874 2938 967 2996 studio
983 2939 1103 2995 deberes
1126 2938 1220 2995 facere
1240 2941 1315 2993 bona

732 3028 829 3083 opera,
848 3017 876 3067 et
903 3009 1099 3082 poenitentiam
1124 3025 1209 3082 quarn
1239 3024 1315 3065 nunc

732 3082 811 3140 facis.
830 3114 864 3124 -
878 3081 1048 3138 Duodecima
1060 3080 1133 3137 ratio
1144 3090 1197 3149 est,
1209 3079 1278 3152 quia
1290 3079 1312 3135 si

731 3157 863 3211 allvertas
879 3152 1001 3226 qualiter
1020 3152 1043 3209 si
1065 3151 1183 3222 incipias
1207 3153 1313 3209 bonam

731 3224 829 3294 vitam,
846 3227 874 3281 iu
887 3224 988 3294 quovis
1001 3225 1101 3295 gradu,
1116 3222 1177 3280 sine
1192 3221 1318 3281 conami-

733 3313 768 3353 ne
787 3305 815 3353 et
831 3295 971 3353 desiderio
991 3293 1163 3353 ascendendi
1180 3296 1209 3351 in
1225 3295 1316 3366 majo·

731 3384 792 3425 rem
807 3374 836 3425 et
849 3367 979 3424 altiorem
991 3367 1089 3435 vitam,
1101 3383 1158 3424 non
1171 3374 1266 3439 potest
1278 3382 1319 3422 os·

731 3456 760 3496 se
774 3440 836 3497 sine
849 3439 1033 3496 fondamento
1048 3437 1276 3521 presumptionis
1289 3442 1317 3494 ct

731 3511 873 3584 superbiae
893 3512 976 3584 hujus
996 3512 1071 3582 quod
1091 3509 1240 3583 incepisti3
1265 3526 1317 3566 noc

731 3589 910 3656 potestesse
937 3586 999 3640 sine
1026 3581 1184 3639 inclusione
1206 3597 1318 3652 magum

732 3654 888 3727 tepiditatis
906 3660 936 3711 et
954 3652 1145 3726 negligentia,
1163 3657 1190 3709 et
1209 3669 1240 3709 ex
1259 3669 1317 3724 quo

731 3727 792 3782 baec
809 3727 866 3782 duo
886 3725 961 3782 mala
976 3725 1169 3792 includuntur,
1185 3739 1241 3780 non
1259 3727 1319 3794 pot·

732 3803 849 3853 estesse
861 3795 921 3853 sine
934 3812 1035 3867 magno
1045 3795 1170 3868 periculo
1184 3792 1316 3850 veniendi

732 3867 762 3924 in
772 3868 861 3924 multa
872 3866 1116 3939 spiritualiavitia.
1126 3864 1315 3922 Nondubium

92 3937 331 4066 cipimpve'itiisas
349 3939 527 4066 νῐίἷιυῑρῗςάςί
547 3941 679 3995 attendas
732 3939 807 4067 iiOd
823 3937 928 4065 εἰῑνρίἰε
942 3936 1316 4065 dictorumuafflffiglmmessg

92 4025 170 4163 iulis
187 4026 376 4138 hiliciitffliiteia
391 4026 679 4163 gippieucclaigzneiuiii]
732 4025 1098 4151 rilliinevitaiiliniiiiiesperis,
1114 4084 1146 4161 tu
1165 4022 1315 4162 conabaris

92 4152 234 4209 bilitatem
245 4168 329 4224 quam
341 4153 437 4210 anima
448 4153 546 4226 recipit
557 4167 680 4225 perrpsa
733 4155 769 4212 nd
788 4151 997 4211 ascendendum
1024 4150 1061 4207 ad
1080 4151 1211 4232 altiorem
1227 4157 1314 4232 vitam

91 4221 172 4293 vitia,
187 4223 347 4289 conaberis,
361 4224 385 4281 si
398 4224 510 4294 sapiens
522 4241 564 4295 es,
576 4225 613 4281 ad
623 4240 679 4281 am·
733 4233 762 4283 et
777 4224 986 4299 perfectiorem.
1003 4251 1037 4263 -
1056 4223 1222 4278 tredecima
1241 4227 1313 4277 ratio

94 4293 168 4366 plius
193 4295 396 4368 acquirendum
419 4295 547 4368 virtutes,
567 4302 596 4353 et
617 4311 678 4354 am·
712 4302 786 4367 ost,
800 4293 907 4369 quiesi
925 4294 1033 4365 cogitas
1055 4291 1317 4367 abysssfiajudicia
