2820 4928
309 298 349 355 li]
375 299 480 355 lustu
507 298 626 353 llolllltl
654 299 762 355 SUPER
790 300 998 364 rnuusllsn,
1029 300 1098 356 lttc.
1279 294 1322 348 185

84 404 316 479 perditionibus.
337 404 416 463 Unde
432 405 462 463 iu
475 408 530 465 tob
546 424 553 463 :
569 408 681 463 Flebam
731 406 844 479 durum,
859 424 995 465 vesanum
1010 412 1038 464 et
1053 404 1183 479 impium,
1198 409 1228 460 et
1241 409 1314 485 tam-

91 494 184 550 snper
198 480 437 549 meritonenses
454 485 523 545 eret,
544 485 598 535 ete.
621 479 682 534 Fle·
731 495 815 549 uuam
843 497 909 537 rere
938 480 993 536 vita
1019 480 1170 551 privatum,
1196 490 1313 532 omnmo

86 552 140 607 tus
153 565 223 607 iero
240 564 327 621 super
350 552 497 619 Lazarum,
513 550 561 623 qui
584 551 620 607 ad
646 550 683 606 vi·
731 552 942 623 plangenduml
962 555 1026 617 Cur,
1048 567 1126 607 mere
1145 545 1315 621 phrenetici,

87 624 155 677 tam
172 628 236 677 erat
257 621 442 689 revocandus,
471 631 500 678 et
527 621 572 677 cni
593 623 683 695 gloria
733 625 819 680 lleute
838 642 923 694 super
950 630 977 681 te
1002 622 1145 695 Sipienlia
1166 617 1268 685 Patris,
1284 616 1314 672 in

91 700 159 749 eret
180 691 352 761 differenda,
378 692 472 765 signat
505 695 603 750 tletom
631 709 684 765 pro
733 695 818 751 lautis
833 695 952 751 miseriis
968 695 1073 752 laetaris
1088 700 1115 751 et
1131 692 1226 749 rides?
1239 692 1315 747 Cou-

93 762 230 821 dilatione
244 763 354 835 patriae.
370 766 448 821 Unde
464 764 493 820 ln
508 764 681 822 Psalmlsta:
733 766 827 823 sidera
849 769 1052 839 lacrymantem
1068 765 1209 822 medicum
1223 768 1314 831 tuum,

94 836 161 892 Heu
173 837 252 897 milti.
262 838 331 907 quie
347 838 684 907 innotatusnieiisprolen·
733 848 760 894 ot
776 848 808 894 ut
822 840 926 895 lurtum
939 839 1079 909 {luigeuili
1102 838 1145 894 lae
1165 835 1216 892 tilii
1232 835 1316 905 ptan-

97 911 187 977 potns
197 906 253 963 esti
263 910 297 965 ln
311 909 380 965 lletu
397 912 491 964 autem
507 908 630 975 Domini,
640 925 684 963 os·
732 917 808 967 otum
817 927 964 967 aurarum:
978 912 1067 967 Dedin
1079 912 1161 979 quiesi
1172 910 1316 964 terrentem

96 978 228 1035 tenditur
247 984 385 1048 quantum
401 980 470 1036 flere
495 981 620 1036 ‹lelieant
637 979 684 1050 qui
733 984 869 1051 terrenus
879 1000 928 1055 per
942 984 1014 1037 diem
1028 988 1053 1037 et
1063 986 1165 1036 nentem
1179 998 1185 1044 ς
1200 995 1254 1034 non
1269 978 1316 1031 des

93 1053 234 1121 peccant,
248 1053 364 1120 quondo
380 1049 420 1106 sic
440 1050 519 1108 flevit
533 1051 581 1122 uiri
602 1068 685 1107 uuili·
732 1058 855 1123 reperient
871 1056 933 1121 tilii,
949 1071 996 1109 nee
1011 1058 1099 1109 tiieeet
1114 1053 1228 1133 piepilte
1240 1050 1316 1104 oceli

91 1135 184 1194 quem
194 1122 330 1193 peccarit.
343 1122 422 1179 Unde
435 1122 475 1179 ait
486 1123 683 1180 Cassiodorus:
735 1130 787 1181 tui.
803 1126 1034 1197 Ciiiispiceetiam
1050 1123 1215 1195 diseipulos,
1231 1134 1317 1191 quam

94 1212 113 1247 ei
129 1192 184 1249 Ubi
196 1192 330 1266 princeps
345 1199 423 1249 tauta
438 1194 592 1251 ailliotione
609 1196 686 1264 plau-
735 1197 857 1253 libenter
870 1203 897 1252 et
913 1197 1064 1267 diligenter
1082 1198 1187 1250 vailirnt
1207 1205 1319 1261 semper

116 1264 196 1333 ellat,
220 1264 295 1335 quis,
316 1264 365 1321 illo
393 1267 491 1332 llente,
508 1282 563 1321 nou
585 1266 687 1322 lieret?
732 1270 906 1339 judaeum,
928 1285 992 1324 cirin
1005 1268 1106 1323 timore
1124 1274 1218 1321 tamen
1230 1271 1257 1319 et
1273 1278 1321 1317 re-

92 1280 181 1405 ssuis,
208 1351 242 1392 eo
267 1342 409 1409 gemente,
426 1353 484 1393 nou
506 1338 655 1409 gemeret?
671 1362 684 1387 ι»
736 1341 873 1396 verentia.
892 1340 946 1409 ipsi
959 1341 1002 1395 sui
1023 1340 1145 1395 barenes
1162 1341 1191 1392 et
1208 1335 1323 1403 milltes,

98 1406 163 1463 haeo
176 1408 365 1465 cassiodoros.
736 1413 866 1481 remites,
883 1410 1035 1478 demit-olli,
1062 1417 1091 1467 et
1115 1410 1320 1465 dexteratores.

136 1480 640 1538 osterseeiiireecsmmresuns.
655 1512 687 1525 ·-
737 1485 792 1539 Noc
813 1486 898 1539 (lebes
912 1485 1028 1539 erodere
1044 1482 1129 1553 quod,
1150 1482 1210 1552 ipso
1227 1479 1323 1545 llente,

96 1550 135 1607 Et
148 1551 306 1607 notandum
322 1552 397 1623 quod
410 1559 518 1624 septem
535 1554 608 1609 uiola
621 1570 689 1625 qua·
737 1555 785 1610 alii
798 1572 827 1611 se
837 1554 978 1626 potuerint
990 1571 1007 1611 a
1021 1552 1153 1625 luerymis
1164 1554 1320 1606 continere.

99 1620 126 1679 si
145 1630 269 1678 ventura
293 1630 360 1679 suut
377 1624 530 1694 peccatori,
546 1642 597 1697 por
612 1643 686 1693 irisan,
738 1627 834 1695 Nebis,
855 1628 965 1689 lustros,
984 1626 1044 1681 isla
1062 1628 1193 1697 laeryme
1209 1618 1322 1677 Domini

99 1694 126 1750 si
145 1708 182 1750 ea
210 1695 358 1765 cogitaret,
385 1697 421 1751 ad
445 1698 543 1751 llotuur
574 1696 687 1753 inritari
710 1694 713 1763 ξ
739 1700 820 1768 liuut,
837 1704 866 1755 ut
889 1698 1053 1769 lingistrum
1075 1698 1230 1762 imitemur,
1246 1690 1325 1750 stab

97 1765 687 1839 posset:primumestspolialieemuiuur,
710 1768 713 1853 ᾗ
739 1770 793 1825 lior.
817 1776 896 1825 tante
919 1777 1095 1841 praereptore
1113 1775 1210 1824 nostro
1229 1765 1324 1821 disra-

98 1852 166 1909 quae
185 1836 256 1893 silei
274 1839 302 1893 in
320 1844 424 1907 morte,
443 1839 595 1910 dequibus
618 1839 687 1894 nillil
711 1872 713 1883 ·
739 1840 881 1912 nmquid
908 1844 936 1895 iu
961 1852 1125 1896 nestrorum
1140 1838 1323 1893 inimieorum

102 1922 201 1965 secum
217 1908 289 1965 leret
305 1910 480 1975 ;seouudum
496 1917 539 1965 est
555 1927 688 1966 occursus
711 1960 714 1987 Ι
739 1918 840 1981 mute,
860 1916 887 1967 et
904 1912 932 1966 iu
951 1911 1033 1967 ruina
1053 1928 1138 1981 agere
1156 1910 1322 1963 debeamus.

101 1977 297 2049 inimicorum,
311 1981 360 2052 qui
385 1982 602 2053 apprehendent
623 1998 688 2037 eum
710 1992 714 2061 j
740 1985 818 2039 Unde
833 1990 861 2037 et
883 1984 940 2053 ipse
965 1982 1027 2036 uit:
1055 1985 1172 2051 llilipite
1196 1981 1323 2034 inimicos

103 2048 182 2107 inter
193 2054 339 2123 angustias
352 2070 360 2120 ;
376 2053 492 2108 tertium
518 2062 560 2108 ost
573 2053 687 2108 amissio
711 2072 714 2113 ς
739 2059 851 2117 uestros,
863 2054 1013 2121 bienesncite
1025 2055 1069 2107 liis
1080 2056 1129 2123 ern
1138 2052 1253 2107 oderent
1262 2064 1321 2117 eos,

105 2125 197 2179 status
212 2123 382 2195 penitendi,
406 2129 434 2180 et
463 2124 687 2180 misericordiam
710 2116 714 2193 i
738 2132 764 2181 et
778 2131 854 2181 erate
867 2143 917 2195 pro
929 2125 1155 2197 persequentibus
1168 2137 1226 2189 nos,
1239 2126 1265 2175 et
1279 2136 1323 2175 oo·

103 2193 321 2265 consequendi3
348 2202 479 2266 quartum
513 2201 556 2251 est
584 2212 688 2267 magua
711 2204 713 2213 '
739 2198 939 2253 invenientibus
952 2212 1010 2252 llos.
1023 2197 1082 2251 Non
1098 2200 1211 2251 tautum
1224 2206 1323 2248 muros

97 2265 329 2337 conlusio,cujus
342 2267 515 2323 confusionis
527 2274 686 2339 caesapot-
738 2269 859 2324 civitatis
878 2272 1024 2338 periturae,
1043 2268 1094 2323 sed
1112 2272 1140 2322 ot
1162 2264 1324 2321 animarum

95 2334 157 2395 erit
178 2352 241 2393 esse
260 2353 378 2409 operum
394 2339 558 2407 denudatio,
574 2340 617 2395 vel
639 2341 687 2394 be·
737 2340 849 2397 ruinam
869 2348 897 2396 ot
912 2341 1102 2412 penlitiouem
1123 2340 1210 2394 tlelnrt
1230 2334 1327 2393 Domi·

97 2406 274 2465 peticionum
298 2408 401 2466 Christi
424 2410 616 2479 exau-ebrado,
643 2410 686 2467 rel
738 2429 792 2469 irus
806 2416 897 2477 lesus,
915 2413 1051 2485 uobisque
1066 2412 1226 2482 exemplum
1241 2409 1328 2464 daliat

96 2477 153 2537 bei
168 2482 199 2535 el
224 2480 392 2537 Sanctorum
418 2481 537 2549 derisio;
556 2481 687 2553 quintum
710 2498 714 2575 1
738 2484 808 2556 quid
821 2486 849 2540 in
863 2484 911 2539 tali
928 2484 1040 2553 negotio
1056 2485 1150 2539 serere
1161 2482 1327 2547 debeamus,

96 2555 146 2607 est
158 2551 300 2623 separatio
316 2552 503 2623 reproborum
516 2554 553 2609 ab
569 2553 686 2622 eleotis;
738 2572 801 2610 euru
816 2560 992 2625 rieeoatorem
1007 2554 1130 2625 aliturum
1148 2554 1176 2607 iu
1192 2560 1328 2607 aelerlrom

96 2626 213 2679 sentum
227 2631 269 2679 est
282 2622 404 2679 exclusio
424 2640 441 2679 a
462 2622 569 2695 gloria3
601 2625 687 2696 septi·
738 2626 952 2681 damnationem
969 2642 1051 2683 ruere
1072 2625 1217 2689 vulemus;
1236 2622 1270 2677 de
1287 2626 1327 2676 ta·

94 2697 238 2751 mumest
255 2694 421 2765 gehennalis
446 2711 536 2766 pinnae
561 2694 687 2752 miseria.
739 2697 757 2752 li
786 2702 862 2753 euim
890 2697 1000 2753 Domini
1020 2695 1108 2753 nostri
1130 2698 1198 2750 iesu
1223 2692 1326 2750 Christi

94 2767 135 2823 Et
144 2764 226 2821 valde
237 2766 361 2821 lleudum
370 2775 412 2821 ost
420 2782 471 2837 pro
480 2767 613 2837 precatis,
625 2784 687 2839 prs·
738 2770 866 2840 exempla
880 2776 1044 2841 sequentes,
1062 2784 1113 2823 nos
1124 2780 1236 2838 utroquo
1255 2766 1323 2819 llere

94 2842 164 2909 pter
178 2838 268 2893 mulla
285 2838 371 2905 mala,
390 2854 453 2907 (puae
470 2845 584 2909 peccota
604 2840 687 2895 indu·
710 2834 714 2909 i
738 2841 885 2905 debemus,
913 2846 941 2895 et
973 2846 1052 2895 tauto
1087 2837 1209 2909 amplius
1242 2838 1324 2903 llere,

94 2914 168 2965 ouut
187 2910 378 2979 pec-cantibus.
400 2911 454 2965 Per
475 2917 590 2980 peccata
610 2909 686 2965 euim
701 2919 714 2973 -l
738 2921 843 2981 iiirauto
857 2913 916 2981 ipso
939 2911 974 2966 de
990 2910 1082 2980 seipso
1110 2912 1178 2964 llere
1198 2908 1325 2975 iuuaret.

95 2980 187 3037 bomo
197 2982 286 3037 Deum
297 2980 426 3047 ollendit,
436 2981 609 3036 consortium
619 2984 687 3037 Sau-
710 2978 714 3055 l
738 2984 765 3039 Si
782 2984 931 3038 euimsuas
944 2978 1322 3047 intirmitatesintelligeret,

97 3054 209 3107 olorum
227 3056 255 3106 et
267 3052 439 3121 Angelorum
454 3051 569 3119 amittit,
585 3054 686 3107 sullra-
737 3059 763 3109 et
778 3053 952 3108 salurnitatos
973 3068 1037 3123 quae
1057 3054 1082 3106 ei
1107 3054 1326 3121 superventurae

102 3118 294 3193 pitEeolesiae
315 3123 420 3195 perdit,
450 3123 574 3179 animam
599 3122 685 3177 iuuo-
737 3130 1010 3195 suutrugimsreret,
1030 3119 1327 3194 utiqueetipseplus

100 3190 171 3264 licit,
187 3193 302 3250 diabolo
322 3210 351 3250 se
368 3193 495 3266 suinrit,
513 3202 541 3250 et
557 3196 585 3249 in
600 3193 683 3251 iuler-
736 3195 1004 3266 aliisdesemelipso
1015 3198 1105 3250 llerm.
1117 3196 1170 3249 lsle
1182 3195 1265 3248 lletus
1276 3192 1327 3245 Do-

98 3278 170 3321 nom
183 3281 214 3321 se
228 3265 379 3337 demergit.
738 3267 806 3323 mini
831 3265 1028 3337 compatientis
1055 3264 1217 3321 civitatee
1238 3261 1325 3319 mise-

135 3337 482 3409 7eruscormsssros1s.
505 3369 539 3378 -
564 3336 683 3410 Conspi·
719 3339 790 3409 ·ria,
808 3355 873 3410 quie
888 3338 927 3394 illi
953 3355 1015 3394 uros
1035 3336 1213 3404 imminebat,
1227 3334 1322 3407 praell·

99 3422 134 3465 oo
149 3408 237 3479 igilur
255 3409 327 3479 bene
350 3409 444 3481 ipsum
470 3409 622 3466 Dominum
640 3413 686 3466 ie·
736 3417 854 3481 periratus
867 3410 921 3465 iuit
941 3410 1008 3465 olim
1022 3409 1049 3465 iu
1069 3407 1326 3465 liiirieutationibus

94 3493 253 3537 somnone
268 3482 395 3549 llentem,
411 3487 440 3536 et
460 3482 482 3535 si
501 3487 592 3552 petes,
613 3482 684 3537 lleas
735 3481 877 3550 ieremias,
893 3480 941 3553 qui
966 3481 1172 3538 desolationem
1192 3477 1325 3551 ejusdem

97 3565 166 3607 curn
186 3567 240 3619 eo;
268 3553 317 3608 llet
330 3551 408 3608 enim
428 3551 543 3621 largiter
558 3560 587 3609 et
602 3553 683 3609 lorti·
735 3552 856 3610 civitatis
871 3570 921 3625 per
938 3556 1082 3610 Romanos
1098 3555 1221 3609 luteram
1236 3552 1322 3607 delle-

96 3625 156 3705 ter,
176 3623 243 3694 qnia
259 3639 316 3679 non
332 3623 473 3691 simulate,
490 3623 540 3679 sed
564 3640 630 3681 vere
649 3625 685 3681 de
733 3628 801 3691 bal,
819 3625 859 3681 sie
873 3631 901 3681 et
925 3642 979 3681 nes
994 3625 1023 3680 in
1044 3625 1202 3681 aillietioue
1223 3621 1320 3695 prosi·

97 3708 171 3765 ipsis
185 3694 310 3751 dolebat.
326 3696 417 3751 Caerite
431 3693 616 3751 enimamsro
632 3696 684 3751 do·
736 3712 858 3760 morum,
874 3696 943 3767 qum
960 3696 1046 3752 etiam
1076 3697 1270 3761 inimieorum,
1291 3708 1324 3748 ox

94 3762 176 3821 lebat
202 3773 234 3821 et
261 3766 346 3821 llebat
376 3764 493 3821 illorum
513 3766 684 3836 periculum
736 3767 932 3838 compassione
947 3770 1015 3823 llere
1026 3769 1174 3832 debemus,
1195 3763 1325 3834 exemplo

96 3836 235 3893 aeteroole
247 3841 276 3892 et
289 3835 605 3906 excidiumtemporalu,
618 3837 686 3909 quia
736 3839 851 3899 Christi,
868 3838 915 3909 qui
938 3855 1104 3909 compassus
1122 3843 1166 3894 est
1186 3836 1245 3893 suis
1265 3833 1326 3888 iui-

96 3922 158 3963 non
171 3915 366 3979 coguoverunt
381 3914 495 3980 tempus
514 3908 686 3966 visitationis
738 3910 827 3966 micis.
842 3911 909 3966 Plus
918 3916 960 3966 est
970 3913 1094 3981 compati
1108 3906 1222 3965 at'diotis
1238 3918 1325 3975 quum

98 3993 171 4061 suae,
193 3979 307 4051 quando
330 3995 380 4050 per
403 3979 609 4035 lnraruatiouis
626 3996 685 4052 my·
736 3983 814 4038 boua
828 3982 999 4053 temporalia
1018 3997 1155 4045 eroeare3
1170 3982 1202 4057 et,
1214 3977 1326 4057 impos-

97 4049 356 4109 sterrumrisitarit
369 4068 418 4107 eos
431 4050 686 4121 enumerabant
737 4053 819 4110 sibile
833 4059 877 4109 est
892 4054 972 4110 illum
986 4052 1108 4121 gretiam
1123 4055 1150 4104 et
1165 4062 1328 4103 misericor-

98 4117 195 4193 ipsum
215 4122 369 4178 Dominum
396 4139 430 4178 ae
451 4124 685 4195 pradicationem
738 4125 815 4181 diam
833 4142 891 4180 non
907 4123 1020 4189 mereri,
1049 4124 1096 4192 qui
1127 4121 1179 4174 scit
1211 4116 1328 4174 alllictis

100 4192 164 4263 eJ'us
181 4196 354 4265 reciperent;
369 4194 418 4249 sed
438 4194 528 4265 magis
546 4194 686 4265 usquead
739 4196 872 4267 conspati,
886 4202 915 4253 ot
929 4209 1027 4251 eorum
1046 4196 1160 4262 ,roncata
1174 4189 1292 4247 dollere.

100 4269 225 4323 mortem
244 4280 309 4322 eum
324 4265 464 4337 persecuti
487 4272 563 4323 suut.
591 4266 612 4323 0
638 4283 689 4323 cor
775 4272 791 4326 8
811 4271 945 4325 lammae
962 4268 1068 4322 llouiso
1083 4266 1250 4329 lenissime,
1262 4277 1329 4317 cos-
