2820 4928
83 304 131 359 828
429 295 589 351 sicutne
614 293 732 350 stilis
758 291 863 348 oliui
892 290 962 346 llll

83 411 159 475 Dixit
174 413 270 473 autom
289 411 426 468 comestor
450 409 480 465 in
503 405 675 465 scholastica
728 402 821 478 primo
831 403 965 477 typicum
976 403 1102 462 Pascha
1113 399 1301 484 cnmudietipih

82 479 674 555 historia‚quodnumquamlegiturDomi-
729 475 916 546 manducare,
949 482 985 534 et
1021 475 1069 534 sie
1109 477 1249 533 Passionis
1268 489 1302 530 sn

83 572 152 616 num
167 552 324 614 comedisse
339 567 451 622 carnes,
467 550 522 608 nisi
539 549 607 624 agni
621 566 674 623 pa·
729 546 865 621 mysteria
878 549 996 605 mundo
1015 549 1195 618 declarare,
1205 550 1304 627 qnateio

80 626 201 696 schalis;
214 623 291 697 quod
313 628 412 683 tamen
426 624 493 681 iecit
512 624 542 680 in
563 626 630 694 typo
645 625 674 678 et
729 624 758 677 et
772 619 872 692 legalis
887 620 1017 678 Paschae
1029 621 1181 694 probator
1193 621 1306 685 ansata

81 701 184 773 ligura.
206 696 410 755 Diseumbebat
424 710 493 778 ergo
515 697 674 752 Jesuseum
731 693 785 749 hoe
802 690 927 764 liguram
946 691 1016 749 veri
1041 692 1172 750 Paschae
1190 688 1308 767 iniecto

80 769 231 830 duodecim
255 766 402 841 discipulis
429 782 500 836 suis,
535 764 675 822 Dominus
730 762 1015 834 cendo,vetetultra
1028 764 1200 822 carnaliter
1208 760 1309 818 ambiri

81 858 145 901 cum
163 840 264 910 seriis,
279 838 417 912 Magister
433 853 497 896 cum
514 836 674 920 discipulis,
731 834 853 907 lncujus
863 833 1016 908 reifigura
1028 837 1182 910 scriptum
1194 830 1311 915 ostensi

80 919 163 990 pater
171 911 411 986 eumdliis,quasi
420 926 484 969 cum
492 908 674 980 sociis,quasi
731 905 1311 988 dettoitrnonnopostqisomeomedquptlh

82 986 149 1046 ci'im
161 984 279 1054 amicis;
298 985 373 1042 undo
399 982 428 1040 iii
448 981 561 1040 Psalmo
580 996 588 1037 ε
607 982 676 1037 Filii
731 979 816 1037 lsrael
827 978 861 1035 de
874 980 1016 1048 inopibus
1032 986 1123 1039 tame
1138 991 1312 1052 promissione,

85 1061 129 1117 tui
142 1061 213 1115 siem
224 1058 337 1114 novelle
349 1056 498 1125 olivarum,
510 1056 541 1110 tn
556 1054 676 1109 circuitu
731 1066 779 1108 aso
785 1052 988 1108 amountaltro
995 1053 1060 1110 cibo
1068 1055 1138 1109 illo.
1147 1047 1312 1129 Undesubdit:

86 1147 185 1188 measa
209 1134 271 1186 tea.
292 1131 358 1185 llaec
383 1126 501 1185 reiectio
533 1122 678 1195 significat
732 1125 797 1180 Dico
811 1125 884 1180 enim
899 1122 997 1194 vohis,
1040 1124 1094 1181 uia
1111 1141 1152 1181 ea
1165 1119 1312 1200 boasuliet

87 1201 273 1261 reiectionem
296 1204 432 1258 aeternam
451 1197 481 1254 iii
500 1211 629 1269 vespere,
648 1194 678 1253 id
735 1141 1312 1266 temporemoamonduoaootueoscum

89 1279 133 1332 est
156 1273 187 1330 iii
211 1273 268 1329 line
293 1270 390 1329 muudi
406 1271 541 1328 futuram.
555 1268 578 1326 0
592 1281 678 1340 quain
733 1272 814 1324 retus
831 1272 860 1323 et
882 1267 979 1338 legale
998 1269 1134 1337 Pascha,
1152 1269 1234 1323 doaso
1245 1278 1310 1321 seer

89 1343 186 1404 felices
200 1344 276 1401 illius
289 1342 436 1402 recubitus
451 1339 676 1398 commensales!
734 1343 863 1396 mentum
887 1338 1035 1396 Dominici
1060 1338 1248 1418 Corporiset
1261 1336 1312 1416 bii·

91 1417 157 1485 Sed,
177 1415 321 1489 quomodo
349 1414 559 1472 discumbentes
584 1426 679 1469 coena·
755 1408 829 1466 uinis
848 1410 879 1466 iii
894 1410 950 1467 hoc
964 1412 1062 1469 veteri
1081 1411 1199 1469 Pascha
1210 1412 1312 1481 spiritus·

90 1489 181 1558 bant,
210 1503 274 1545 cuin
304 1489 359 1544 Leii
390 1482 577 1558 preceperit,
603 1483 680 1556 quod
734 1426 800 1565 fiter
813 1479 1007 1566 intellecturis,
1023 1487 1057 1540 in
1076 1500 1168 1554 regno
1181 1484 1239 1548 Dei,
1252 1479 1312 1557 idat

88 1565 197 1618 stantes
211 1557 298 1616 crecti
324 1559 434 1616 Pascha
451 1555 601 1614 comedere
623 1554 679 1611 de·
735 1570 765 1611 in
786 1552 913 1610 Ecclesia
935 1554 1105 1623 militante,
1130 1556 1281 1627 impleatis,
1294 1548 1314 1604 il

85 1630 207 1689 bereut‘t
222 1631 319 1686 Potest
339 1627 404 1699 diei,
418 1627 573 1684 secundum
593 1627 679 1683 Theo·
735 1631 778 1682 est
791 1623 959 1682 instituatur
970 1627 1017 1683 vel
1028 1626 1206 1684 institutum
1219 1622 1315 1681 celebro

107 1699 207 1769 bitum,
227 1699 304 1772 quod
328 1698 407 1770 prins
430 1697 680 1754 manducaverunt
735 1701 790 1754 tur.
802 1695 889 1764 Quasi
899 1694 1013 1756 diceret
1029 1717 1037 1756 τ
1056 1692 1315 1774 moncomedanrd

84 1719 205 1840 gascha,
225 1775 254 1828 ot
271 1771 402 1828 fecerunt
426 1773 456 1826 ut
480 1770 533 1825 Lei
557 1768 678 1826 manda·
734 1768 886 1827 celebrabo
905 1769 1077 1842 ampliusin
1096 1772 1315 1846 liguraetsigiiti
1352 1784 1355 1797 '

86 1845 151 1913 bat;
169 1841 284 1912 deinde,
313 1841 470 1899 seeundum
496 1855 679 1898 communem
734 1841 785 1898 sed
799 1838 962 1898 inveritate
985 1847 1015 1899 et
1035 1845 1171 1916 signato.
1188 1845 1249 1914 lpse
1261 1850 1316 1895 enin

89 1931 190 1985 usum,
214 1915 419 1973 discubuerunt
462 1911 581 1969 uosdain
606 1911 680 1969 alios
734 1918 833 1985 postea
855 1911 979 1986 sumpsit
998 1930 1108 1972 rerum
1126 1916 1238 1998 Corpus
1256 1922 1316 1987 suun

91 1987 170 2046 cibos
180 1986 399 2056 manducantes;
408 1929 484 2043 untia
496 1982 681 2056 diciturpost·
735 1986 788 2042 sub
799 1989 990 2065 sacramento,
1004 1990 1034 2042 et
1049 1986 1245 2044 nihilominus
1255 1980 1318 2039 hodio

92 2077 138 2129 ea,
156 2060 231 2132 quod
245 2061 327 2117 lesus
342 2058 493 2116 surrexita
509 2072 601 2114 coeiia.
734 2056 764 2112 iii
779 2056 906 2113 Ecclesia
924 2062 1007 2114 vetus
1028 2064 1061 2116 et
1084 2059 1214 2131 figurate
1231 2053 1318 2113 Panthi

131 2137 146 2187 5
174 2134 342 2189 Dssinnniuii
369 2131 479 2188 Cunisri
509 2144 681 2186 unuouoiuni
736 2127 885 2199 impletum
912 2129 1092 2197 manducat:
1114 2130 1188 2202 quia
1217 2144 1253 2186 ea
1273 2139 1317 2197 qut

95 2220 148 2262 noe
163 2204 280 2274 Psscnii,
294 2216 327 2258 sr
342 2218 476 2258 nneumuii
491 2218 556 2256 rosi
571 2201 682 2257 Passio-
737 2201 792 2257 Lei
800 2198 864 2256 iudi
871 2200 975 2272 populo
983 2201 1148 2259 carnaliter
1158 2196 1318 2259 observandi

95 2293 150 2331 unii
165 2291 326 2330 isnooirio.
344 2303 374 2314 -
391 2277 436 2342 Et,
452 2271 602 2328 edentibus
614 2272 681 2343 illis,
736 2270 882 2346 praecepit,
896 2271 957 2344 ipse
982 2271 1012 2328 in
1032 2276 1182 2331 membris
1200 2274 1266 2340 suis,
1279 2270 1319 2325 hoe

95 2349 137 2401 eit
151 2347 209 2399 illis
220 2345 358 2401 Dominus
369 2343 626 2400 lesus:Desiderio
639 2346 683 2400 de-
738 2348 780 2400 cst
810 2342 840 2399 in
872 2341 934 2416 ipsa
969 2344 1118 2415 Ecclesia,
1149 2342 1320 2419 spiritualiter

96 2417 241 2484 sideraoi,
271 2415 299 2471 id
325 2418 369 2471 cst
393 2414 473 2470 ialde
502 2413 681 2486 desideravi,
739 2419 858 2473 eiercet.
874 2417 907 2471 ln
923 2416 977 2473 hoe
993 2416 1084 2488 igitur
1098 2434 1196 2491 regno
1216 2413 1320 2473 comedi

95 2490 144 2545 boe
156 2488 273 2551 Poscbo,
285 2485 392 2544 scilicet
404 2485 528 2558 typicum
538 2491 567 2543 et
579 2488 681 2559 legale,
739 2489 846 2559 Corpus
862 2503 956 2557 suum,
973 2488 1065 2546 idest
1087 2506 1143 2546 nos
1167 2489 1238 2546 illud
1257 2487 1282 2543 in
1295 2499 1320 2540 eo

93 2560 260 2618 manducare
268 2560 681 2631 vobiscumontequampatior,
738 2561 887 2617 comedere
913 2560 997 2629 iacit3
1020 2560 1098 2618 sicut
1130 2561 1259 2634 postulat
1281 2570 1320 2629 pio

93 2631 124 2690 id
149 2635 203 2702 est,
228 2631 345 2688 moriar.
371 2630 570 2688 dominatione
602 2632 682 2690 rcrhi
738 2630 830 2700 nobis,
845 2630 874 2688 id
891 2636 932 2689 cst
946 2633 1096 2704 postulare
1110 2650 1170 2690 nos
1193 2633 1267 2689 iacit.
1282 2631 1321 2685 Sa·

94 2708 177 2762 notet
189 2704 378 2761 interitionem
397 2700 519 2774 duplicis
537 2701 681 2776 desiderii,
738 2707 917 2761 crementum
939 2703 1015 2760 enim
1038 2705 1245 2774 Eucharistiae,
1260 2697 1321 2774 quod

94 2775 203 2833 scilicet
216 2781 249 2832 ut
263 2774 344 2832 tiniat
354 2776 444 2833 Vetus
456 2777 681 2845 Testamentum,
737 2791 790 2833 nos
804 2775 953 2848 perfidem
966 2775 1163 2848 spiritualiter
1182 2776 1320 2835 inanduca-

95 2852 124 2905 et
137 2847 253 2904 inchoet
268 2848 387 2916 Novum,
404 2845 480 2917 quod
501 2850 562 2902 erat
579 2845 633 2904 sibi
655 2848 684 2904 in
739 2863 813 2916 iiius,
828 2850 857 2904 et
871 2846 880 2903 i
902 2863 933 2905 se
947 2847 1105 2906 manducat
1119 2849 1272 2908 nobiscum
1287 2845 1319 2901 in·

96 2917 281 2978 desiderium.
301 2917 400 2990 Cogita
415 2932 500 2989 quam
512 2916 597 2988 lengo
612 2923 684 2975 tem·
739 2862 916 2992 corporango
933 2934 986 2976 nos
997 2919 1052 2977 sibi
1069 2936 1124 2994 per
1145 2921 1223 2979 istud
1239 2931 1318 2976 sacm-

97 3007 167 3065 poie
193 2992 247 3048 hoc
271 2989 447 3048 desiderium
466 2987 579 3046 Domini
600 2988 686 3048 luerit
739 2995 877 3062 mentum,
894 2991 970 3121 {uod
990 2991 1146 3064 alloquens
1160 2994 1319 3064 Augmti‘rius

98 3062 282 3136 protelatum,
297 3065 326 3119 et
341 3061 400 3119 noli
413 3060 547 3125 delicere,
562 3061 585 3118 si
598 3076 687 3133 quan·
740 3061 835 3120 dicit:
860 3083 876 3115 «
921 3063 983 3121 ibus
1012 3078 1044 3120 es
1095 3065 1249 3131 randium;
1273 3073 1318 3117 noi

100 3134 194 3206 doque
208 3134 245 3192 ad
260 3138 382 3205 tempus,
396 3137 476 3189 tuuin
491 3131 622 3191 diliertur
637 3134 686 3191 do·
740 3132 898 3192 mutaberis
914 3133 945 3191 in
960 3150 1016 3205 me,
1032 3150 1064 3193 se
1099 3142 1134 3194 tu
1150 3153 1198 3195 me
1212 3130 1317 3210 mutabis

99 3205 247 3263 siderium.
264 3207 326 3279 lpse
342 3204 428 3264 etiam
446 3204 575 3263 Christus
593 3203 686 3262 omni·
741 3206 771 3263 in
784 3213 852 3262 te.»
872 3205 953 3263 Unde
971 3207 1056 3264 donee
1077 3224 1140 3265 non
1156 3208 1270 3283 ponitur
1282 3204 1318 3260 lut

100 3277 151 3335 bus
162 3276 339 3334 diebusvitae
349 3293 418 3359 suae,
429 3283 494 3349 post
504 3275 689 3334 noscucurrit
741 3275 892 3346 exclusive,
904 3278 954 3335 sed
964 3277 1115 3338 inclusive.
1130 3280 1265 3354 Sequitur
1276 3276 1319 3332 :it

98 3348 129 3404 iii
151 3347 198 3404 siti
217 3347 419 3406 ferventissimi
438 3347 571 3404 desiderii
589 3347 688 3406 salutis
742 3353 850 3422 eccepto
865 3351 960 3421 eolice,
975 3349 1085 3409 scilicet
1097 3351 1161 3409 vini
1176 3351 1267 3426 quoad
1280 3346 1319 3405 is·

99 3422 217 3474 nostiae.
232 3420 265 3475 Et
279 3433 332 3474 nos
345 3418 367 3473 si
405 3418 555 3491 nandoque
570 3436 628 3477 non
640 3435 688 3477 va·
742 3423 811 3480 seha
824 3420 984 3492 ludaieum,
997 3426 1109 3492 pretias
1124 3429 1185 3495 egit
1198 3431 1224 3482 et
1236 3423 1318 3479 dicit:

99 3487 191 3544 leinus
204 3488 310 3544 habere
322 3435 466 3546 desideria
483 3490 570 3560 bona,
584 3491 688 3574 saltem
742 3495 869 3565 Accipite
882 3500 908 3550 et
922 3494 1040 3551 dividite
1057 3498 1134 3552 inter
1148 3513 1208 3556 eos.
1223 3493 1320 3572 Gratias

98 3558 255 3641 habeamus
269 3557 447 3641 voluntatem
466 3559 592 3617 habendi
610 3562 688 3619 desi·
743 3567 820 3638 egit:
837 3563 905 3638 quia
919 3564 1045 3624 instabat
1062 3569 1240 3641 completum
1253 3567 1321 3624 dest·

99 3632 223 3700 derium,
240 3631 320 3703 juxta
334 3628 406 3713 illud
422 3645 429 3686 ι
447 3631 607 3702 concupivit
623 3636 688 3691 ons·-
743 3635 867 3704 derium,
884 3641 917 3695 ut
934 3644 999 3710 post
1020 3639 1251 3698 immolationem
1267 3631 1321 3710 agni

98 3721 144 3762 mo
154 3719 214 3761 meo
223 3703 380 3760 desiderare
385 3705 601 3786 {iustificationes
610 3710 686 3776 tuom
743 3707 830 3781 typici
861 3716 1028 3781 sequeretur
1065 3710 1230 3771 immolatio
1262 3702 1321 3782 igni

98 3783 128 3835 et
159 3780 227 3858 tunc
249 3776 408 3858 acceptabit
433 3776 609 3859 voluntatem
637 3794 688 3853 pro
744 3778 936 3851 veri,scilicet
957 3780 1082 3854 Christi;
1100 3790 1130 3840 et
1156 3785 1226 3858 quia
1240 3788 1322 3841 ietert

98 3850 184 3907 lacto.
196 3850 270 3905 Dicit
282 3853 378 3904 autem
391 3848 445 3903 hoc
459 3850 605 3920 Dominus,
615 3854 646 3906 ut
659 3866 689 3908 se
743 3851 906 3909 transibant
930 3858 959 3910 et
980 3868 1055 3910 noia
1080 3855 1196 3915 fiebant
1223 3853 1322 3919 omnia,

101 3919 260 4003 voluntarie
281 3917 340 3992 pati
360 3918 503 4002 ostendat,
519 3921 600 3993 eujus
620 3923 688 3979 Pas·
744 3922 813 3982 dum
833 3922 932 3981 vinum
950 3930 980 3982 et
997 3941 1098 4009 azyma
1121 3927 1156 3986 in
1181 3928 1324 4013 Gorpnsst

101 3993 211 4049 sionem
243 3990 401 4049 immolatio
435 4005 501 4061 agni
536 3991 622 4064 typici
661 3997 689 4050 et
745 3995 917 4068 Sanguinem
928 3994 1041 4054 Domini
1056 3999 1120 4071 ejus
1135 4000 1323 4059 benedictione

105 4062 372 4121 l'ascliatudaicum
384 4060 602 4136 prefigurabat3
615 4068 643 4122 et
658 4070 689 4123 ut
743 4067 1099 4127 transsubstantiabantur.
1118 4073 1203 4131 Unde
1222 4070 1322 4146 iuquit:

104 4135 281 4192 demonstret
301 4135 434 4194 allectum
454 4149 538 4218 quem
553 4135 640 4193 habet
658 4140 690 4193 ut
744 4140 810 4195 Dico
838 4141 911 4196 enim
942 4141 1029 4212 vobio,
1056 4144 1133 4213 quod
1161 4162 1218 4203 non
1247 4145 1322 4201 bibon

105 4205 209 4278 legalia
229 4212 349 4278 cessent,
365 4211 394 4265 et
416 4213 520 4266 ueritas
545 4207 688 4290 Evangelii
744 4208 847 4268 amodo
869 4211 904 4268 de
928 4214 1105 4294 generatione
1131 4219 1214 4289 uitis,
1230 4214 1322 4275 scilicet

106 4283 210 4337 currat.
230 4279 390 4340 Secundum
412 4279 525 4352 Dodoni,
546 4278 688 4341 desiderat
744 4281 911 4357 materialis,
927 4283 956 4341 id
969 4288 1011 4344 cst
1025 4283 1062 4344 do
1077 4285 1146 4346 rino
1160 4289 1239 4363 quod
1253 4302 1324 4364 gene
