2820 4928
378 314 418 370 ne
446 312 787 371 rnensrieoalrions
812 288 947 370 boicii.
1248 316 1277 373 io

53 426 209 486 Abrabam.
226 423 346 482 Videbat
359 422 436 480 enim
453 425 570 495 Moyses,
583 422 638 479 dos
692 422 744 479 cile
763 438 815 494 pro
835 421 948 486 Christo
969 423 1038 496 pati,
1053 438 1106 480 nee
1122 430 1277 495 tormenta,

51 501 230 561 ludaeorum,
243 495 397 568 principem
411 493 637 551 Christianorum
692 511 750 573 nec,
763 510 840 562 erui,
856 510 907 551 nec
928 510 1017 563 mors,
1036 502 1067 552 ut
1091 497 1127 552 ad
1151 504 1279 554 montem

53 575 191 637 Petrum3
218 566 416 624 considerabat
442 566 516 623 Elias
543 573 637 623 castus
691 566 815 623 coelestis
825 566 923 637 gloriae
938 567 1147 638 perveniamus.
1159 570 1186 626 Si
1203 569 1279 626 euim

50 641 192 713 uirginem
220 642 378 706 loannem;
403 643 432 695 et
457 645 578 710 uterque
607 637 637 693 in
691 638 834 695 sensibilis
850 638 908 695 risa
925 638 1029 696 Christi
1049 639 1149 710 gloria,
1166 640 1206 697 sie
1226 642 1277 698 Pe·

53 713 158 771 Jacobo
169 712 303 769 laudabat
312 710 437 784 niamprii
446 710 636 782 privilegium.
691 714 767 767 trum
782 709 811 766 in
827 715 921 767 monte
941 710 1174 783 impressionibus
1191 718 1218 769 et
1233 713 1279 769 in-

88 790 104 842 5
123 786 294 841 Excnamrio
315 784 397 839 Percu
416 800 443 838 iri
460 799 551 838 noune
568 784 637 837 Tun·
692 786 749 838 tem
771 781 885 839 eriebns
899 782 1028 855 subjecto
1043 783 1141 853 illexit,
1157 788 1188 840 nt
1202 784 1278 841 dice·

52 874 104 914 son
132 874 275 913 neumare
307 871 448 911 coenans.
476 886 512 896 -
542 856 639 910 Petrus
692 859 736 910 ret
752 798 863 910 {onum
880 854 919 911 ibi
936 870 998 911 esse
1017 858 1046 911 et
1062 871 1190 924 manere,
1232 854 1279 912 uid

50 943 123 999 uero,
143 933 169 984 et
187 932 236 1000 qui
253 943 314 984 cam
339 929 389 983 illo
412 931 502 991 mont,
529 927 641 995 pronati
694 924 891 983 aestimandum
911 930 955 982 est
977 926 1013 982 do
1032 926 1080 984 illa
1099 873 1236 985 inellabiii
1252 931 1280 984 et

49 1005 129 1058 mont
142 1015 245 1069 somno,
262 997 392 1071 oppressi
410 1014 427 1054 a
446 997 550 1127 {toria
572 995 641 1068 quia
694 995 867 1077 intelligibili
893 995 985 1068 gloria
1009 1005 1118 1055 aeterna
1143 999 1172 1056 in
1197 1000 1279 1069 ciclo,

52 1072 204 1147 splendore
216 1068 445 1140 incomprehensi
468 1069 515 1125 ilis
527 1067 642 1124 deitatis
695 1068 745 1124 ubi
760 1068 838 1124 nulla
852 1068 1046 1140 intemperies,
1061 1070 1140 1127 nulla
1154 1070 1279 1141 peregri-

52 1149 221 1217 premuntur
244 1158 346 1199 sensus
364 1143 482 1197 humaui
503 1138 641 1210 corporis.
697 1153 744 1193 uae
756 1137 951 1209 impressionis
963 1140 1159 1209 molestia,ubi
1172 1142 1281 1199 nullum

56 1220 92 1273 Et
120 1216 284 1282 euipitoates
313 1213 442 1267 uideant
471 1212 644 1281 majestatem
699 1208 818 1277 malum,
834 1210 883 1265 sed
902 1224 987 1267 omne
1011 1213 1119 1268 bonum
1143 1212 1282 1269 obtinebi-

57 1287 138 1356 eiust
157 1291 182 1340 et
206 1285 274 1339 duos
290 1285 365 1338 uiros
386 1284 435 1353 qut
452 1283 566 1338 stabant
585 1296 644 1337 cum
699 1283 769 1337 tur?
780 1281 860 1337 Unde
872 1282 965 1337 Bada:
978 1302 992 1335 a
1004 1283 1025 1338 0
1036 1289 1143 1355 quanta
1153 1283 1283 1353 felicitas,

58 1359 119 1420 ilto,
136 1355 243 1412 scilicet
265 1356 384 1424 moysen
407 1358 435 1411 et
455 1355 556 1420 Etiam,
574 1367 644 1436 quos
697 1351 800 1408 risioni
820 1351 935 1410 deitatis
955 1352 1029 1410 inter
1046 1354 1170 1426 Angelos
1185 1354 1285 1413 adessa

57 1431 254 1499 cognoverunt
268 1425 409 1497 praedictae
423 1424 560 1481 claritatis
579 1424 643 1479 illu·
697 1428 855 1495 perpetuo,
884 1424 906 1480 si
939 1429 1047 1482 tantum
1082 1426 1284 1485 transtormata

54 1498 204 1556 strationa.
229 1497 305 1553 Unde
328 1495 429 1567 querit
447 1497 641 1552 Ambrosias:
696 1494 800 1553 Christi
823 1496 996 1563 humanitas,
1013 1497 1193 1570 duorumque
1213 1501 1283 1556 San-

56 1592 70 1623 «
100 1568 248 1638 Quomodo
281 1567 406 1638 Apostoli
444 1571 642 1640 cognorerunt
697 1571 807 1624 ctorum
836 1566 959 1625 societas
986 1569 1022 1625 ad
1049 1576 1186 1642 punctum
1214 1570 1285 1641 visa,

53 1645 169 1715 ldopsen
194 1643 223 1696 et
248 1638 356 1708 Ellam,
385 1654 456 1711 qnos
484 1655 553 1696 num
577 1654 642 1695 uam
697 1637 830 1708 delectat,
850 1644 880 1695 ut
899 1638 941 1696 eis
962 1655 998 1697 ne
1021 1641 1169 1699 discedant
1185 1640 1287 1700 Petrus

53 1712 205 1771 viderunt?
227 1732 241 1762 n
264 1713 297 1768 Et
313 1713 476 1784 respondet,
497 1652 575 1782 quoi
592 1727 644 1783 per
698 1714 833 1782 prestare
847 1710 915 1768 velit
928 1712 1114 1783 obsequium!
1132 1737 1145 1766 n
1163 1713 1244 1771 Unde
1256 1719 1286 1771 et

55 1787 235 1858 majestatem
254 1798 339 1856 super
354 1800 403 1840 eos
417 1783 597 1852 venientem3
614 1783 643 1838 in
697 1784 837 1852 iternipi'us
855 1801 863 1838 ε
880 1805 893 1833 s
908 1783 975 1840 Visa
990 1785 1101 1841 Domini
1122 1787 1283 1858 maiestate,

56 1874 112 1930 quo
133 1856 272 1924 innuitur,
286 1855 362 1927 quod
384 1854 414 1911 in
435 1856 532 1912 lutura
552 1853 644 1928 gloria
698 1859 726 1911 et
751 1853 872 1911 duorum
903 1871 1060 1926 serrorum,
1086 1858 1187 1914 Petrus
1213 1858 1285 1914 adeo

57 1930 131 1986 alter
144 1928 277 1995 alterum,
292 1943 376 1999 quem
392 1942 544 1999 numquam
563 1925 643 1993 ridit,
699 1926 855 1983 delectatus
874 1931 927 1995 est,
948 1934 978 1983 ut
997 1933 1099 1985 cuncta
1117 1928 1287 2001 temporalia

58 2004 218 2083 cognoscet.
247 1998 409 2055 Secundum
436 1999 570 2063 Glossom,
598 1997 645 2054 hic
699 1997 1062 2066 oblivionitraderot,etibi
1077 2004 1286 2072 inperpetuum

57 2074 133 2130 Elias
152 2070 255 2127 dicitur
277 2069 396 2126 eximius
418 2070 643 2143 Prophetarum3
699 2069 784 2125 vellet
802 2080 928 2126 manere.
951 2070 980 2126 Si
1006 2076 1102 2128 autem
1125 2073 1226 2128 Petrus
1247 2074 1287 2129 sie

58 2144 109 2201 sed
133 2147 233 2199 contra
254 2141 289 2198 de
308 2141 398 2198 David
418 2143 472 2198 hoo
491 2141 595 2198 dicitur
616 2139 645 2196 in
700 2156 836 2198 accensus
850 2147 903 2209 est,
919 2146 1027 2213 quanta
1042 2142 1096 2200 erit
1116 2143 1242 2200 suavitas
1257 2149 1286 2201 et

58 2216 187 2290 prologo,
197 2212 505 2343 sugerPsalteriumet
516 2213 600 2269 etiam
609 2212 645 2269 de
700 2212 819 2269 dulcedo
833 2213 929 2270 videre
944 2215 1050 2286 Regem
1066 2214 1093 2270 in
1107 2215 1209 2273 decore
1222 2230 1285 2287 sno,

59 2291 154 2359 Atopse
173 2285 202 2344 in
252 2287 335 2354 losse,
355 2301 439 2358 super
459 2285 595 2341 Eaedum.
612 2284 646 2341 Et
699 2284 1284 2344 etinteressechorisSauctorumomnium

59 2359 187 2423 solvitur,
212 2356 280 2428 qula
307 2356 420 2430 Mopses
446 2356 498 2413 luit
527 2355 646 2413 eximius
700 2359 729 2412 et
749 2357 935 2427 Angelorum!
952 2379 967 2409 >i
983 2359 1045 2414 hec
1064 2361 1213 2428 ltcmipius.
1229 2359 1284 2415 Sed

60 2430 172 2488 Domini
181 2429 384 2497 familiaritate,
396 2428 541 2500 signorum
551 2434 646 2485 osten·
700 2429 804 2485 erravit
825 2430 936 2498 Petrus,
955 2434 1076 2486 nesciens
1096 2432 1165 2502 quid
1183 2432 1285 2486 dicem

61 2502 157 2570 sione,
186 2500 268 2585 Legis
295 2499 540 2574 promulgatioue3
570 2500 645 2556 Elias
699 2501 753 2556 hoc
766 2500 976 2571 potend0:tnm
989 2502 1054 2573 quia
1068 2501 1096 2557 in
1108 2502 1153 2559 via
1165 2501 1286 2573 patriam

59 2573 180 2630 eximius
209 2578 273 2628 ttlae
301 2572 479 2639 austeritate,
505 2571 644 2644 arguendi
700 2571 873 2644 requirebat,
887 2577 914 2628 et
930 2575 1059 2631 umbram
1072 2575 1173 2632 sutura
1186 2573 1287 2646 gloriae

59 2643 239 2711 auctoritate,
253 2643 317 2700 ritae
337 2643 540 2713 diuturnitate;
556 2642 645 2701 David
700 2660 785 2716 quam
799 2643 920 2714 viderat,
936 2661 1031 2703 reram
1050 2646 1210 2703 aestimabat
1225 2646 1286 2718 glo·

59 2716 180 2775 eximius
194 2717 351 2790 prophetiae
366 2714 550 2784 sublimitate,
565 2715 646 2786 regia
700 2720 783 2777 riam.
799 2716 905 2773 oblitus
928 2732 1048 2788 regnum
1072 2718 1122 2774 Dei
1145 2735 1203 2775 non
1225 2732 1289 2774 esse

59 2788 209 2860 dignitate,
223 2791 253 2843 et
267 2787 382 2861 speciali
399 2787 426 2843 ei
439 2788 512 2845 lacta
526 2788 646 2861 promis·
701 2785 813 2844 Sanctis
838 2787 1009 2859 promissum
1032 2790 1062 2844 in
1080 2796 1168 2858 terra,
1187 2789 1237 2844 sed
1259 2790 1290 2844 in

61 2861 153 2918 sione.
175 2861 253 2915 Tunc
277 2861 373 2915 Petrus
395 2859 560 2932 respondens
576 2865 648 2915 tam·
702 2858 796 2925 coelo;
813 2863 873 2912 tum
892 2857 958 2927 quia
981 2858 1010 2913 in
1035 2858 1137 2927 gloria,
1158 2859 1291 2914 taberna-

61 2943 149 3004 quam
172 2929 335 3003 ferventior,
360 2931 437 2987 dicit
465 2931 503 2987 od
530 2932 647 2985 lesum:
703 2929 768 2983 cula
785 2927 945 2982 manufacta
963 2932 1125 2984 necessaria
1147 2930 1290 2996 credebat,

63 3003 341 3066 nominenominee
353 3018 402 3058 nos
416 3003 460 3057 bio
470 2998 650 3064 esse,scilicet
704 2998 843 3069 ignorans
872 2997 986 3054 domum
1016 3000 1208 3056 manul'actam
1236 3015 1294 3056 non

65 3074 97 3130 in
115 3077 220 3142 monte,
236 3078 264 3129 et
281 3073 310 3131 in
325 3079 437 3131 contem
460 3071 574 3128 lationis
588 3070 650 3127 dul·
706 3085 768 3126 esse
785 3083 973 3126 necessariam
993 3069 1023 3126 iu
1041 3069 1091 3127 illo
1106 3071 1201 3129 secum
1216 3071 1291 3130 lutu-

65 3142 178 3226 cedlqe.
189 3144 299 3202 Culesti
311 3147 386 3202 enim
397 3088 547 3202 duiiedine
558 3147 652 3215 gusta·
704 3156 751 3209 ro;
766 3145 825 3198 tum
837 3140 990 3226 qulause'et
1004 3159 1054 3201 coa
1076 3144 1183 3203 ostolos
1197 3145 1291 3203 adhuc

64 3221 106 3286 ta,
122 3217 260 3273 vilescunt
274 3217 383 3274 intima.
401 3215 478 3274 Unde
496 3215 649 3274 Robunnsr
705 3230 790 3271 carne
805 3215 916 3270 mortali
938 3231 1042 3273 circum
1064 3223 1127 3274 atos
1150 3234 1213 3276 esse
1233 3234 1291 3276 non

64 3311 81 3341 ιι
97 3290 158 3354 Quo
173 3288 294 3363 amplius
308 3289 371 3360 quis
381 3289 512 3359 degustat
525 3286 650 3345 dulcedi·
705 3287 886 3356 advertebat,
903 3293 932 3343 et
955 3289 1063 3361 absque
1085 3295 1168 3362 gustu
1191 3288 1292 3348 mortis

63 3376 131 3418 nem
146 3359 211 3417 ritae
225 3358 357 3428 coelestls,
372 3377 405 3418 eo
420 3376 464 3417 am
486 3360 542 3416 lius
556 3357 653 3416 omnia
705 3358 876 3414 immortalis
897 3358 961 3416 vite
981 3365 1085 3418 statum
1101 3362 1197 3420 subire
1214 3363 1291 3419 role-

64 3431 238 3489 alialastidit
250 3431 280 3488 in
294 3432 412 3490 intimis.
426 3454 440 3484 n
478 3435 552 3491 iuis.
563 3432 653 3500 somu-
705 3431 769 3498 bat;
785 3434 846 3486 tum
866 3428 953 3487 etiam
970 3432 1038 3504 quia
1052 3450 1132 3491 suam
1149 3439 1177 3491 et
1196 3433 1292 3508 prorii-

65 3518 128 3560 mas
143 3505 188 3559 bic
203 3507 258 3559 tcta
273 3503 511 3569 tabernaculam
531 3518 652 3560 manen·
707 3517 817 3559 morum
830 3502 950 3559 satutem
960 3521 1018 3561 non
1029 3506 1202 3562 attendebat.
1213 3504 1292 3562 Unde

63 3576 145 3644 dum,
158 3573 264 3631 scilicet
274 3575 319 3632 hic
329 3576 479 3632 continue:
491 3575 544 3631 tibi
557 3591 652 3640 mum,
707 3573 746 3630 ait
760 3575 935 3642 Aupustinus
950 3594 959 3629 .-
976 3598 990 3627 «
1009 3573 1083 3646 Quid
1098 3577 1180 3645 dicis,
1194 3579 1293 3634 sancto

64 3648 158 3716 sumo
182 3660 281 3714 unam,
307 3652 333 3703 et
359 3650 427 3704 Elia
452 3650 563 3703 anum?
591 3648 653 3702 Non
708 3646 811 3702 Petre‘l
826 3645 944 3702 blundus
957 3648 1042 3719 perit,
1058 3654 1086 3705 et
1102 3655 1131 3705 tu
1151 3654 1293 3705 secretum

65 3717 238 3789 loquebatur
253 3718 290 3775 de
307 3714 490 3776 tabernaculo
507 3734 558 3790 pro
573 3733 604 3774 se
626 3720 655 3773 et
709 3714 831 3789 querisl
858 3715 943 3773 Vides
966 3723 1008 3774 tot
1031 3725 1129 3790 gentes
1150 3718 1180 3775 in
1203 3730 1295 3776 unum

68 3788 156 3846 sociis
167 3788 226 3845 suis
242 3789 383 3860 iaciendo,
396 3790 478 3862 quasi
492 3803 655 3873 supponens
710 3786 871 3855 convenire,
887 3792 914 3844 et
928 3792 960 3844 tu
976 3788 1099 3860 quictem
1115 3789 1211 3862 diligis
1224 3791 1230 3846 l
1248 3785 1295 3844 Vi·

67 3876 101 3918 ae
112 3860 482 3934 etsociossuos,tamquam
492 3860 654 3932 discipulos,
710 3859 760 3916 des
775 3861 905 3916 tenebras
921 3861 1028 3929 mundi,
1043 3867 1072 3918 et
1086 3869 1116 3919 tu
1128 3863 1222 3918 lumen
1234 3858 1297 3917 abs·

67 3942 133 3989 cum
147 3932 281 4005 Magistro
294 3949 443 3991 mansuros
456 3932 485 3988 ln
500 3948 550 3989 suo
564 3934 656 3989 taber·
710 3931 828 3987 condiet
845 3933 929 3989 Nemo
944 3936 1048 4006 quippe
1064 3935 1187 3990 accendit
1205 3935 1299 3986 trace-

67 4002 181 4061 nneulo.
206 4007 308 4061 Petrus
330 4005 455 4077 optando
474 4002 657 4060 commendat
710 4007 827 4062 namet
845 4007 926 4074 ponit
944 4020 1003 4060 eom
1020 4006 1071 4061 sab
1093 4006 1193 4066 modio,
1210 4006 1263 4057 cte.
1282 4017 1296 4051 a

68 4074 226 4143 Christum,
239 4081 268 4132 et
285 4093 315 4134 se
333 4076 362 4133 in
379 4082 474 4134 monte
492 4090 608 4132 manere
624 4090 658 4130 ex
712 4074 792 4131 Unde
807 4079 836 4131 et
849 4077 967 4132 loannes
980 4079 1164 4132 Daiaascenus
1179 4091 1187 4127 ε
1203 4093 1217 4122 ‹<
1235 4071 1297 4126 Non

68 4146 182 4231 modico
202 4153 287 4221 gustu
301 4148 530 4231 participationis
552 4148 657 4203 futurae
712 4145 833 4231 esttibi,
850 4147 951 4275 inquit,
967 4148 1084 4215 bonum,
1105 4146 1200 4226 Petra,
1220 4134 1297 4226 quod

69 4218 180 4293 glanae,
194 4230 280 4291 qnam
299 4237 329 4277 in
352 4221 464 4278 Christo
489 4218 611 4286 viderat,
628 4219 660 4274 ut
712 4219 840 4276 Christus
854 4217 883 4275 rb
913 4222 1050 4285 moretur,
1068 4230 1204 4299 qqomam
1222 4231 1246 4272 si
1258 4210 1299 4273 ibt

69 4304 123 4364 per
134 4291 189 4350 boc
202 4291 346 4350 diseamus
357 4291 435 4365 quod
448 4289 519 4349 nihil
536 4290 573 4347 sit
587 4288 661 4346 diltl·
713 4288 874 4358 mansisset,
887 4300 1069 4358 nequaquam
1083 4286 1135 4345 tibi
1149 4285 1224 4347 lacta
1235 4301 1301 4362 pro·
