2820 4928
249 327 286 380 ne
314 329 567 389 rnurrulrrosr
595 337 690 392 luna
716 338 750 392 m
777 336 936 392 nxrrano
961 335 1106 393 reniero.
1247 336 1294 394 sos
1380 320 1386 331 '

59 431 129 514 nite,
161 430 297 489 denedicti
322 437 418 491 Potite
440 441 503 495 met.
524 439 546 496 0
565 458 650 513 quam

10 538 14 549 ·
60 501 159 586 felices
177 509 206 560 et
224 504 300 561 beati
315 506 364 577 qui
378 509 433 565 hoo
447 510 528 567 dulce
545 511 650 571 inrita-

10 622 12 627 .
58 578 166 655 tomum
181 574 262 632 adse
277 575 415 636 directum
429 585 585 640 meruerint
601 602 650 643 au-

10 682 14 689 ·
58 643 135 728 dire,
150 653 178 702 et
200 663 225 729 a,
245 648 366 707 Uomino
395 650 505 709 invitati
530 671 649 725 regnum

57 731 125 789 ejus
148 721 316 792 percipere!
335 722 560 792 Frequentemus
579 744 649 799 ergo

55 795 174 846 nuncet
185 797 332 848 cantemus
343 794 649 858 devoteinvitatoriu'm

55 859 650 930 Ecclesiae,dicentcs:Veniteoasuttemus

53 932 187 998 Domino,
203 940 234 1015 ut
253 940 322 991 tunc
341 952 405 993 cum
420 938 519 997 electis
534 957 650 1000 meree-

55 1017 129 1059 mur
146 1004 245 1061 audire
263 1005 455 1066 invitatorium
474 1013 597 1085 Domini,
622 1021 652 1072 et

55 1088 184 1145 regnare
204 1079 265 1133 sine
284 1078 341 1135 fine
361 1097 424 1137 cum
443 1098 488 1139 eo.

96 1150 114 1214 d
141 1146 233 1205 Oranti
258 1167 453 1209 ursaarconma
485 1174 520 1211 an
548 1175 649 1216 coneus

58 1233 249 1300 napis-resim.
261 1252 293 1262 —
310 1224 343 1278 Et
356 1229 590 1285 commemorabit
599 1232 648 1287 Uo·

57 1302 156 1371 minus
172 1306 326 1376 senopem
341 1295 556 1369 misericordiae,
574 1302 602 1357 in
617 1317 648 1359 se

57 1368 153 1432 eapite
178 1368 206 1419 ct
231 1380 261 1420 ιιι
288 1367 424 1423 membris
447 1369 506 1426 suis
530 1377 648 1444 propter

56 1446 126 1514 enm
142 1432 227 1503 laete,
246 1452 308 1506 qum
328 1445 395 1495 sunt
415 1457 422 1495 :
439 1456 557 1512 pascere
576 1461 647 1501 esu-

57 1509 192 1586 mentem,
208 1513 309 1578 potare
334 1508 490 1581 sitientem,
506 1515 647 1572 collocare

58 1574 217 1659 hospitem,
245 1580 348 1637 vestire
381 1584 501 1651 nudum,
532 1586 646 1644 visitare

58 1646 217 1730 infirmum,
225 1652 365 1709 consolari
376 1653 548 1714 vinculatum
560 1664 647 1732 etper

58 1718 123 1800 haec
141 1721 308 1806 intelligitur
326 1725 488 1797 septimum,
508 1728 584 1800 quod
603 1736 646 1787 est

57 1804 91 1845 nn
114 1792 341 1863 Tobla,sc1hcet
363 1798 484 1870 sepelire
506 1808 644 1860 mortuos.

58 1860 139 1921 Unde
156 1880 276 1923 versus:

86 2006 189 2077 Visite,
201 2016 275 2084 poto,
294 2014 364 2079 eido,
379 2014 494 2078 redimo,
510 2022 579 2086 tego,
593 2019 647 2073 col-

451 2087 529 2159 [liom
547 2089 644 2148 condo.

55 2224 93 2281 let
106 2228 260 2286 secundum
272 2231 411 2301 quosdam
427 2248 484 2289 non
497 2232 552 2289 erit
566 2233 643 2291 aliud

55 2296 120 2379 haec
135 2302 378 2371 commemoratio,
393 2303 446 2359 nisi
463 2304 529 2375 quia
544 2321 643 2362 omnes

54 2374 150 2425 serent
162 2372 263 2429 merita
285 2389 405 2501 sumpse
426 2375 529 2447 quibus
549 2378 642 2433 salva·

53 2438 165 2497 buntur
183 2444 226 2500 vel
248 2444 334 2501 etiam
367 2447 568 2505 amuabuntnr.
590 2448 643 2506 Ubi

54 2512 264 2581 chrysostomus
277 2539 284 2573 ε
302 2539 315 2569 o
327 2518 412 2573 Putas
420 2526 526 2589 quanto
538 2521 643 2591 gaudio

53 2583 645 2666 extolluntursanctiquandoinconspectu

51 2660 646 2738 omniumhngelorum,quodleceruntho-

52 2729 182 2809 minibus
192 2730 295 2788 latetur
305 2748 336 2788 se
345 2731 500 2805 accepisse,
510 2750 575 2790 nam
588 2734 645 2790 tale

52 2798 169 2857 uidetur
183 2818 255 2876 opus
265 2819 363 2859 eorum
377 2821 432 2860 non
449 2805 532 2876 quale
547 2807 644 2863 datum

52 2872 645 2954 causedqualispersonailllusestquiac-

52 2948 173 3026 cepite»
188 2945 249 3003 haec
271 2950 486 3016 chrysostomus.
499 2949 553 3005 Sed
562 2948 643 3020 justi,

53 3028 138 3085 quast
161 3016 274 3075 laudem
293 3019 457 3090 fugientes,
481 3019 643 3093 interroga-

52 3084 246 3158 buntquando
261 3090 322 3146 haee
332 3090 385 3147 sibi
399 3091 525 3147 iecerint.
539 3093 642 3149 Secun-

52 3154 124 3239 dum
143 3162 309 3230 Remigium,
329 3161 359 3218 in
382 3162 562 3219 conscientiis
582 3163 643 3219 suis

54 3233 95 3313 rte
106 3232 330 3304 respondebunt,
346 3250 403 3290 non
418 3232 581 3291 dubitantes
598 3234 641 3291 vel

52 3298 217 3360 diffidentes
227 3304 262 3360 de
278 3304 372 3362 verbis
383 3305 513 3373 Domini;
531 3308 580 3361 sed
596 3305 639 3362 vel

51 3380 201 3456 stupentes
211 3391 264 3448 pro
276 3376 471 3449 magnitudine
483 3376 640 3448 majestatis

52 3444 152 3517 Regis,
166 3447 220 3513 rel,
234 3446 302 3519 quia
328 3464 446 3520 parvum
468 3449 580 3506 videtur
598 3448 640 3505 eis

50 3531 138 3598 omnne
155 3518 263 3576 bonum
282 3519 358 3590 quod
376 3520 505 3577 lecerunt
523 3536 639 3594 compa·

49 3592 163 3647 ratione
176 3589 299 3662 praemii,
312 3592 392 3662 Juxta
412 3591 482 3648 illud
499 3592 636 3664 Apostoli:

50 3662 114 3719 Noa
143 3668 208 3717 sunt
223 3663 363 3731 condinae
388 3667 530 3733 passiones
555 3665 639 3733 huius

51 3736 183 3804 teutperts
197 3735 373 3801 adfuturam
388 3738 507 3804 gloriam
522 3752 583 3803 qua
594 3752 638 3790 re·

49 3804 191 3859 velabitur
205 3808 235 3861 in
248 3805 338 3861 nobis.
354 3807 433 3861 Unde
450 3808 491 3863 ait
515 3807 639 3874 Chryso-

50 3880 177 3931 stomus:
193 3898 206 3929 α
220 3876 242 3934 Ο
254 3876 413 3945 humilitas,
429 3893 494 3949 quae
507 3893 560 3933 nec
574 3881 638 3947 post

51 3952 175 4028 mortem
189 3948 324 4005 delicies!
343 3947 436 4005 Homo
454 3949 530 4005 enim
546 3947 639 4004 malus

51 4022 139 4099 etiarn
166 4019 244 4076 talsis
273 4020 430 4077 honoribus
464 4021 638 4086 delectatur,

51 4094 204 4147 mrautem
227 4092 317 4148 bonus
336 4091 422 4148 etiam
437 4091 491 4148 sibi
513 4091 640 4147 debitam

50 4158 167 4241 laudem
181 4162 269 4234 lugit;
286 4165 327 4219 sic
345 4170 373 4219 et
394 4164 499 4232 Sancti,
515 4162 641 4219 debitam

51 4231 107 4289 sibi
115 4231 229 4290 laudem
241 4234 538 4307 repellentes,dicent:
549 4235 642 4301 Quart-

51 4302 87 4359 do
101 4309 130 4361 te
145 4305 268 4363 vidimus
281 4310 453 4371 esurienter,
466 4313 519 4367 etc.
530 4323 537 4362 :
549 4326 563 4356 »
581 4305 643 4361 haec

706 445 921 515 chrysostomus.
946 445 983 498 Et
1008 442 1174 514 respondens
1203 446 1292 511 Reor,

705 517 777 572 dicet
795 516 854 571 iltis
870 535 878 570 :
893 515 981 570 Amen
1007 514 1068 570 dieo
1087 514 1174 578 vobis,
1191 532 1289 586 quom-

706 589 766 655 diu,
781 586 809 643 id
827 592 870 643 est
889 602 922 642 eo
937 591 966 642 et
981 591 1088 656 errante
1101 589 1240 657 tempore,
1250 590 1292 655 se·

706 663 793 725 cistis,
810 659 838 714 id
856 662 902 716 est
918 673 1005 727 opera
1030 655 1231 715 misericordia
1246 674 1292 714 er·

706 729 837 787 hibuistis
851 733 901 785 uni
914 729 948 783 de
963 731 1006 784 his
1017 730 1231 796 fratribusmeis
1244 733 1294 786 mi-

705 806 806 871 nimis,
833 804 904 857 mitri
929 803 1045 869 fecistis.
1078 801 1190 858 Fratres
1217 806 1292 866 sunt,

706 873 772 945 quia
786 874 915 930 lecerunt
926 872 1101 928 voluntatem
1116 873 1226 940 Patris;
1241 872 1293 928 mi·

706 945 775 1001 nimi
790 962 869 1009 reno,
889 943 956 1016 quia
981 943 1095 1000 luerunt
1121 943 1244 1000 humiles
1262 949 1293 1001 et

704 1017 818 1088 abJecti.
836 1015 887 1074 Ubi
908 1016 982 1071 idem
998 1017 1204 1083 chrysostomus
1219 1034 1225 1073 :
1242 1015 1291 1072 «0

705 1088 817 1146 bonitas
835 1087 952 1145 Christi!
971 1085 1111 1153 Quamdiu
1128 1085 1157 1143 in
1170 1103 1290 1158 corpore

704 1159 909 1242 contemptibili
929 1166 991 1216 erat
1010 1157 1038 1214 in
1062 1158 1180 1226 mundo,
1196 1159 1290 1216 luerat

703 1232 865 1289 verisimilis
884 1230 968 1299 ratio,
990 1236 1020 1286 nt
1041 1235 1158 1301 propter
1188 1230 1291 1286 simili·

703 1304 830 1360 tudinem
845 1302 964 1359 visionis
990 1301 1093 1357 fratres
1115 1316 1182 1357 suos
1198 1301 1290 1358 bomi-

704 1392 755 1432 nes
771 1374 926 1447 appellaret
940 1391 946 1441 ;
962 1372 1030 1446 quid
1043 1378 1138 1429 autem
1147 1372 1289 1440 dicamne,

704 1447 779 1518 quod
795 1445 983 1517 inillagloria
998 1443 1180 1512 constitutus,
1194 1445 1289 1501 adhuc

704 1526 855 1575 contentus
869 1525 913 1574 est
925 1534 974 1573 eos
988 1515 1083 1571 dicere
1097 1515 1209 1585 iratres,
1224 1516 1288 1586 uui-

704 1589 757 1646 bus
770 1589 915 1646 sultis-eret
928 1589 964 1643 ad
977 1586 1090 1643 laudem
1104 1586 1127 1643 si
1138 1586 1182 1643 rel
1198 1589 1290 1644 bonos

704 1677 801 1717 servos
828 1660 891 1716 illos
914 1658 1082 1715 vocaretis
1104 1660 1138 1713 Et
1163 1659 1287 1714 iterum:

705 1752 718 1785 d
735 1734 855 1806 Propter
868 1734 922 1788 hoc
931 1730 1009 1787 enim
1021 1734 1087 1787 sunt
1100 1732 1213 1798 iratres,
1224 1729 1291 1802 quia

703 1803 833 1870 humiles,
849 1803 917 1874 quia
939 1801 1043 1873 abjecti
1068 1806 1096 1857 et
1118 1801 1288 1871 contempti-

702 1875 783 1942 biles,
797 1877 848 1931 hos
863 1874 939 1930 enim
954 1874 1025 1930 tales
1045 1872 1166 1928 maxime
1182 1871 1212 1928 in
1230 1874 1287 1929 lra-

701 1946 863 2003 ternitatem
880 1948 970 2002 uocat.
987 1965 1001 1997 u
1018 1945 1098 2001 Unde
1113 1949 1141 2000 et
1154 1944 1289 2013 Aupustt-

701 2035 753 2074 nus
769 2037 801 2075 :o
817 2016 923 2074 llinimi
943 2032 1011 2088 ergo
1027 2015 1074 2087 qui
1088 2020 1155 2071 sunt
1169 2014 1288 2083 Christi,

701 2091 731 2146 hi
747 2090 787 2146 illi
806 2095 872 2146 sunt
887 2087 935 2159 qui
956 2086 1053 2143 emnia
1073 2085 1245 2143 dimiserunt
1260 2090 1289 2141 et

700 2160 788 2218 secuti
809 2167 875 2217 sunt
889 2175 966 2227 eum,
981 2165 1010 2215 et
1023 2156 1160 2241 quidquid
1176 2158 1288 2213 habue-

699 2240 768 2288 runt
780 2230 952 2306 pauperibus
962 2230 1176 2293 distribuerunt,
1190 2234 1221 2285 ut
1232 2230 1291 2285 er

700 2303 762 2360 sine
785 2302 906 2361 seculari
928 2301 1064 2373 compede
1083 2299 1204 2373 expediti
1228 2316 1290 2355 ser-

701 2378 803 2445 virent,
815 2381 844 2432 et
865 2376 901 2431 ab
917 2375 1052 2431 oneribus
1075 2372 1172 2430 mundi
1186 2370 1290 2428 libes-oa

700 2447 776 2503 velut
794 2452 933 2521 pennatos
951 2461 1063 2502 sursum
1085 2445 1219 2501 humeros
1236 2442 1289 2499 tol·

700 2518 801 2574 lerent.
818 2520 851 2573 lli
863 2523 928 2573 sunt
944 2515 1074 2584 minimi;
1091 2531 1178 2585 quare
1205 2514 1290 2570 mini-

701 2589 762 2645 mi?
784 2588 855 2656 Quia
880 2587 1014 2655 humiles,
1037 2587 1103 2657 quia
1127 2602 1184 2642 non
1202 2585 1289 2655 elati,

701 2667 729 2717 et
745 2660 810 2731 quia
826 2675 884 2715 non
897 2657 1020 2730 superbi.
1033 2657 1222 2730 apprehende
1238 2656 1289 2712 mi·

702 2731 794 2788 nimos
808 2730 888 2801 istos,
908 2736 936 2786 et
949 2745 1035 2803 grave
1052 2730 1162 2800 pondus
1179 2727 1289 2784 iuveni·

702 2821 733 2860 es
753 2821 760 2859 :
777 2825 791 2853 »
808 2804 868 2858 hner
883 2802 1068 2870 Augustinus.
1085 2799 1213 2856 Christus
1230 2798 1290 2856 ita-

701 2874 798 2947 quein
811 2873 1003 2931 esurientibus
1015 2870 1113 2939 esurit,
1128 2870 1157 2927 in
1172 2870 1291 2937 sitienti·

702 2949 753 3004 hus
771 2945 846 3013 sitit,
867 2944 895 3001 in
917 2943 1039 3000 infirmis
1063 2947 1193 3014 oegrotat,
1212 2947 1242 2998 et
1261 2942 1289 2998 in

701 3017 765 3074 aliis
776 3016 907 3073 similiter
917 3014 1039 3097 patitur;
1050 3030 1154 3085 magna
1166 3030 1235 3085 ergo
1246 3030 1289 3070 re·

700 3088 828 3146 verentia
851 3085 1024 3159 suscipiendi
1043 3093 1110 3142 sunt
1128 3084 1239 3141 minimi
1259 3090 1289 3141 et

700 3176 839 3232 pauperes
856 3157 973 3227 Christi;
990 3164 1096 3214 etcum
1119 3171 1223 3226 magna
1243 3172 1288 3212 re·

699 3232 847 3288 necatione
871 3230 1052 3287 serviendum
1067 3232 1111 3285 est
1123 3227 1176 3296 eis,
1200 3226 1287 3355 sitppi·

698 3304 764 3361 dem
778 3302 906 3359 Christus
921 3302 949 3358 in
966 3304 1008 3358 eis
1026 3298 1178 3372 suscipitur
1193 3303 1223 3355 et
1259 3314 1288 3355 o·

698 3380 827 3432 noratur.
845 3375 923 3431 Unde
944 3373 1116 3442 Gregorius:
1142 3392 1156 3425 o
1176 3370 1220 3427 Ad
1234 3370 1287 3427 tri-

699 3446 845 3504 buendum
854 3461 924 3517 ergo
934 3444 1009 3517 pigri
1022 3459 1073 3500 cur
1082 3441 1162 3512 estis,
1172 3443 1288 3515 quando

697 3519 751 3575 hoe
766 3517 842 3589 quod
857 3515 965 3589 jacenti
985 3514 1015 3573 in
1032 3521 1110 3572 terra
1128 3514 1287 3588 porrigitis,

697 3591 807 3647 sedenti
827 3589 856 3645 in
870 3589 942 3645 coelo
956 3587 1048 3644 datis‘l
1068 3607 1082 3641 r>

733 3668 748 3716 ts
762 3662 854 3719 Onam
864 3677 1058 3716 ursnmcoanrn
1067 3677 1102 3714 an
1111 3674 1288 3714 usmaitans-

696 3751 870 3789 rrsasma.-
880 3734 945 3787 llaec
962 3730 1109 3800 praemissa
1121 3734 1186 3784 sunt
1201 3742 1289 3799 opera

697 3803 911 3870 misericordiae,
949 3802 985 3858 ad
1011 3801 1139 3874 eorporis
1159 3796 1289 3854 miseritos

697 3872 886 3947 pertinentia;
902 3872 938 3929 ad
951 3873 1061 3929 animas
1077 3887 1146 3952 sero
1158 3874 1285 3950 spectat:

698 3952 728 4003 ut
747 3944 919 4002 esurientem
941 3951 971 4001 et
984 3945 1126 4001 sitio-rtem
1135 3940 1288 4012 justitiam,

698 4033 771 4090 pane
786 4018 863 4073 verbi
878 4015 928 4074 Dei
952 4016 1074 4077 reficias,
1098 4018 1126 4069 et
1147 4020 1216 4084 potu
1246 4026 1289 4066 se·

698 4087 814 4162 pientiae
837 4087 1000 4159 refrigeres,
1013 4089 1156 4142 errautem
1169 4098 1221 4154 per
1232 4082 1290 4137 hae-

699 4162 797 4228 resim,
811 4176 861 4230 per
875 4159 1008 4217 schisma.
1022 4155 1065 4211 vel
1081 4170 1131 4226 per
1142 4160 1290 4225 peccatum

699 4231 729 4288 in
745 4233 861 4288 domum
877 4229 975 4286 matris
992 4225 1126 4284 Ecclesia
1141 4224 1190 4282 Dei
1206 4240 1289 4281 revo-

699 4302 945 4373 ees,innoccntem
960 4298 1072 4359 amalis
1084 4303 1228 4376 protegas,
1240 4311 1290 4352 nu-
