2820 4928
597 685 735 762 CAPUT
762 682 806 752 lV

500 915 537 961 DE
563 908 732 958 SANATIONE
751 904 902 951 annuatur.

299 1088 424 1150 hlatthaei
440 1102 503 1160 cap.
519 1084 602 1154 XVII,
619 1080 706 1140 lilarni
722 1093 785 1151 cap.
802 1077 837 1133 lll
851 1081 880 1132 et
894 1075 976 1131 Lucae
994 1086 1056 1144 cap.
1072 1068 1117 1126 lx.

130 1314 140 1350 ι
166 1292 284 1350 smnio
305 1307 440 1348 nnunmcr.
455 1287 617 1343 -Factam
638 1287 680 1340 est

91 1369 183 1421 autern
201 1367 326 1447 sequenti
341 1365 396 1427 die,
410 1365 493 1420 lesus
509 1355 624 1416 rediens
643 1355 679 1438 de

93 1440 190 1493 monte
201 1437 248 1492 ubi
258 1434 477 1504 transfiguratus
489 1429 679 1496 tuerat,ven1t

90 1506 128 1563 ad
136 1506 298 1578 discipulos,
310 1520 381 1577 quos
389 1502 506 1558 interius
517 1498 678 1580 dimiserat,

92 1583 122 1633 et
135 1580 254 1633 occurrit
268 1580 293 1631 ei
308 1575 390 1631 turba
403 1574 510 1638 multo,
527 1586 590 1643 qnae
605 1585 681 1626 circa

91 1648 170 1722 ipsos
179 1652 250 1704 erat.
260 1644 408 1708 Similiter,
419 1643 444 1701 si
454 1642 566 1717 praelati
578 1641 681 1698 vellent

94 1720 131 1777 ad
144 1718 273 1776 subditos
288 1716 461 1774 descendere
472 1730 523 1786 per
537 1712 681 1770 humilita-

93 1796 163 1860 tem,
180 1787 408 1919 compassionem
427 1790 456 1845 et
472 1785 682 1870 atlahilitatem,

93 1863 244 1919 multatur
264 1876 282 1917 a
298 1862 459 1918 occurreret
470 1874 513 1915 eis
527 1873 578 1931 per
592 1872 682 1930 poeni-

94 1935 224 1990 tentiam.
246 1933 312 2001 Sed,
333 1931 400 2004 quia
424 1946 538 2004 semper
557 1933 634 1987 stant
653 1926 683 1984 in

95 2005 153 2063 alto
168 2021 221 2079 per
236 2004 400 2073 elationem,
416 2019 467 2060 seu
485 2001 683 2084 ambitionem,

95 2075 524 2148 velcuriositatem,ideopauc1
538 2088 685 2130 ersoocur-

96 2148 210 2217 runt,id
223 2155 267 2206 est
279 2147 362 2221 pauci
377 2146 415 2202 ad
430 2161 480 2202 eos
495 2144 644 2210 accedunt,
656 2148 685 2199 et

92 2220 243 2292 pauciores
270 2222 305 2275 ah
332 2217 373 2274 eis
398 2221 546 2274 sanantur.
573 2214 686 2271 Nullum

96 2288 173 2347 enim
195 2289 299 2361 legitur
316 2288 454 2346 Dominus
472 2287 503 2343 in
524 2292 620 2344 monte
640 2300 684 2342 sa·

99 2377 194 2418 nasse.
210 2363 244 2417 El
258 2359 377 2417 accessit
390 2359 427 2417 ad
441 2373 507 2416 eum
522 2356 637 2432 quidam
652 2355 687 2411 de

94 2433 187 2500 turba,
203 2439 303 2504 petens
319 2430 449 2488 misereri
466 2429 619 2488 unicotllio
636 2443 687 2484 suo

93 2503 228 2571 lunatico,
246 2502 402 2560 secundum
425 2502 500 2558 lunae
516 2503 547 2559 in
559 2499 689 2557 novatio-

98 2591 165 2631 nem
184 2573 275 2647 magis
290 2573 423 2646 patienti,
436 2580 465 2629 et
485 2573 618 2645 spiritum
637 2570 689 2627 im·

98 2646 237 2703 mundum
262 2644 377 2703 habenti
405 2660 490 2715 quem
510 2646 688 2717 ejicerenon

99 2721 255 2790 potuerunt
284 2717 346 2788 ejus
373 2687 524 2787 discipuli3
569 2716 596 2771 ui
624 2729 688 2770 eum

99 2787 320 2916 apprehendens
333 2788 371 2871 ad
383 2793 490 2845 terram
502 2733 650 2853 allidebat,
662 2789 690 2843 et

100 2873 135 2916 vo
148 2861 253 2918 utando
265 2876 317 2934 per
325 2861 439 2916 diversa
448 2861 576 2918 membra
585 2874 689 2915 vexans

102 2931 270 3006 dissipabat,
291 2932 387 3005 sicque
415 2931 451 2989 ad
481 2930 689 2989 ostendendum

99 3005 311 3062 vehementiam
326 3002 467 3077 passionis
480 3005 641 3075 spumabat,
656 3018 691 3058 ac

101 3074 235 3135 dentibus
253 3075 401 3144 stridebat,
418 3081 446 3131 et
465 3076 602 3147 languens
621 3091 690 3131 aro-

101 3148 208 3215 scebat,
236 3153 265 3203 et
287 3146 332 3201 vix
358 3145 521 3202 discedebat
549 3145 691 3203 dilanians

103 3231 185 3284 eum;
205 3216 253 3288 qui
273 3217 359 3271 etiarn
383 3231 458 3287 saepe
479 3231 545 3271 eum
563 3217 690 3271 vexando

101 3288 227 3343 clamare
246 3285 378 3354 faciebat,
395 3290 423 3343 et
437 3302 510 3342 nunc
532 3287 560 3342 in
583 3286 691 3356 ignem,

101 3357 227 3415 nuncin
246 3372 352 3429 aquam
373 3357 513 3425 mittebat,
533 3362 565 3413 nt
584 3356 624 3413 ita
641 3356 692 3413 du-

13 3464 20 3478 ·
102 3429 170 3486 dum
190 3428 331 3503 periisset,
347 3426 400 3483 nisi
421 3427 603 3485 Providentia
626 3444 691 3486 eum

102 3504 309 3557 conservasset.
327 3501 361 3555 Et
373 3515 448 3568 cum,
460 3500 578 3571 jubente
595 3500 691 3557 Domi-

101 3588 151 3640 no,
163 3571 217 3629 iste
227 3571 365 3629 adductus
374 3576 457 3641 esset,
469 3571 564 3628 statim
576 3573 692 3645 spiritus

101 3644 284 3701 conturbavit
294 3659 377 3712 eum;
391 3641 491 3700 videns
505 3643 581 3700 enim
594 3661 623 3701 se
636 3647 691 3701 cito

101 3713 287 3786 ejiciendum,
300 3713 422 3772 iaciebat
433 3716 515 3788 pejus
525 3716 601 3787 qnod
615 3723 693 3790 pote-

101 3788 149 3843 rat
167 3785 198 3843 in
220 3802 296 3844 eum.
319 3785 437 3855 Deinde,
457 3785 609 3860 increpans
628 3804 693 3846 cum

102 3857 244 3914 Dominus
258 3857 444 3931 praecepit,nt
454 3860 543 3916 exiret
558 3861 593 3917 ab
607 3876 652 3929 eo,
665 3865 692 3918 et

103 3944 140 3987 ne
165 3929 287 4002 amplius
312 3931 342 3985 in
364 3945 429 3985 eum
452 3929 593 3999 introiret,
609 3948 692 4002 quem

107 4001 194 4059 etiam
204 4004 240 4059 ab
253 4001 356 4059 ellectu
366 3999 493 4070 malitia,
505 4001 562 4059 sive
575 4003 692 4059 surdum

106 4077 135 4129 ot
152 4081 261 4131 mutum
273 4072 424 4142 vocabant,
440 4076 506 4144 qnia
525 4073 643 4129 surdum
665 4079 694 4130 et

108 4151 219 4203 mutum
238 4160 303 4202 eum
319 4145 435 4203 lecerat.
453 4147 490 4201 Et
504 4143 600 4200 statim
615 4144 695 4218 spiri-

109 4220 155 4271 tus
171 4216 336 4275 immundus
356 4218 515 4274 acclamans
535 4222 560 4272 et
577 4218 694 4273 muttum

90 4304 93 4308 ·
109 4286 265 4360 discerpens
283 4305 354 4362 eum,
369 4291 441 4348 coiit
457 4289 493 4346 ab
507 4305 547 4362 eo,
563 4293 589 4347 et
601 4289 694 4358 sactus

733 1292 773 1346 est
784 1288 857 1344 sicat
869 1288 992 1341 mutuus
1005 1303 1013 1340 :
1028 1285 1107 1339 iesus
1121 1284 1213 1336 autem
1228 1279 1322 1331 team

733 1375 846 1416 monum
854 1359 925 1427 ejus,
936 1358 1053 1413 ehvooit
1062 1358 1154 1424 illum,
1163 1358 1189 1410 et
1198 1351 1324 1408 surread

735 1447 833 1498 sanus,
849 1435 878 1486 et
892 1429 1017 1487 reddidit
1031 1429 1111 1487 illurn
1126 1425 1200 1501 patri
1216 1426 1289 1497 ejus.

772 1504 967 1559 allonanrrrn
990 1519 1123 1559 raccarna
1141 1518 1170 1556 nv
1191 1511 1328 1554 nunonem

735 1591 866 1632 nnuarrco
883 1592 989 1631 sturnis.
1004 1605 1032 1616 ·
1048 1571 1202 1638 lloraliter,
1215 1570 1271 1626 iste
1284 1568 1328 1623 lu-

737 1645 849 1704 naticus
868 1645 1009 1717 significat
1028 1650 1217 1717 peccatorem,
1241 1654 1328 1713 quem

737 1717 867 1776 diabolus
896 1734 902 1773 ε
934 1717 1026 1789 primo
1055 1713 1247 1788 apprehendit
1277 1727 1329 1781 per

737 1788 845 1865 peccati
861 1788 1099 1857 delectationem
1114 1785 1252 1846 secundo,
1269 1783 1329 1840 cla·

739 1868 817 1918 mare
830 1860 897 1917 lacit
911 1876 963 1933 per
974 1861 1082 1932 peccati
1095 1859 1198 1916 ardens
1214 1854 1329 1936 deside3

738 1932 830 1999 rium;
846 1934 940 1988 tertio.
951 1938 1061 1989 mutum
1077 1931 1154 2000 tacit,
1167 1931 1202 1986 ad
1217 1931 1329 1999 peccati

739 2002 1330 2128 etdivinaelaudiscontessionem3guar-to,

738 2075 867 2144 surdum,
884 2091 934 2146 per
950 2074 1179 2139 obdurationem,
1197 2089 1212 2128 a
1248 2069 1330 2126 verbi

740 2145 943 2216 monitionem
960 2146 1070 2217 quinto,
1091 2147 1259 2210 lunaticum,
1280 2156 1331 2213 per

740 2220 845 2276 mentis
864 2216 1095 2286 instabilitatem,
1116 2222 1145 2273 et
1163 2215 1331 2294 continuam

740 2290 771 2347 in
791 2290 897 2346 malum
918 2289 1122 2357 variationem
1142 2283 1333 2355 serto,elid1t

741 2366 770 2418 et
786 2361 904 2429 volutat,
913 2377 965 2432 per
975 2362 1036 2432 ejus
1047 2360 1076 2417 in
1089 2360 1200 2416 diversa
1214 2362 1332 2426 peccata

743 2431 1017 2505 praecipitationem
1043 2431 1175 2503 septimo,
1201 2427 1331 2497 dissipat,

743 2519 794 2576 per
806 2502 982 2560 diversarum
996 2503 1200 2575 cogitationum
1211 2501 1333 2556 varieta-

742 2581 817 2644 tem;
834 2579 945 2645 octavo,
960 2574 1081 2631 stridere
1100 2573 1167 2630 tacit
1187 2571 1330 2638 dentihuS,

742 2662 795 2720 per
814 2648 886 2702 iram
907 2651 936 2702 et
954 2645 1192 2719 indignationem,
1208 2659 1242 2700 ac
1260 2658 1332 2706 spu-

743 2733 833 2785 mare,
853 2732 902 2787 per
924 2717 1153 2790 gastrimargiam
1178 2722 1207 2772 et
1231 2711 1333 2795 libidi-

744 2805 826 2856 nem3
844 2803 929 2853 nono,
945 2789 974 2845 in
990 2789 1085 2860 ignem
1102 2788 1218 2846 luxuriae
1234 2787 1332 2852 mittit,

743 2862 787 2917 vel
802 2859 889 2917 etiam
904 2860 1124 2931 clationis,quia
1137 2859 1211 2933 ignis
1221 2872 1334 2915 sursum

743 2931 837 2989 tendit
850 2936 880 2987 et
892 2930 951 2988 alta
966 2933 1045 3003 petit,
1054 2948 1105 2989 nec
1116 2948 1173 2988 non
1186 2933 1214 2986 in
1229 2942 1333 3001 aquam

744 3001 1332 3077 voluptatumetcupidilatumsubmergit3

745 3076 872 3144 decimo,
893 3075 1005 3131 aridum
1030 3075 1133 3144 reddit,
1160 3070 1333 3149 parotium,

745 3162 795 3202 seu
807 3144 949 3218 ignaviam
962 3155 990 3203 et
1002 3147 1230 3213 indevotionem3
1247 3141 1334 3200 unde·

746 3216 830 3285 cimo,
846 3216 889 3272 vix
912 3219 1039 3286 discedit,
1055 3234 1105 3290 per
1129 3216 1237 3290 peccati
1261 3230 1335 3270 con-

746 3288 942 3358 suetudinrm3
963 3289 1142 3358 duodecimo,
1162 3289 1282 3345 dilaniat
1307 3288 1336 3340 et

746 3359 892 3428 dilacerat,
907 3377 959 3433 per
972 3361 1146 3417 naturalium
1160 3358 1335 3416 vulneratio·

746 3447 821 3488 nem.
852 3434 924 3490 Dum
953 3439 1049 3489 antem
1075 3449 1149 3505 puer
1178 3433 1215 3488 ad
1245 3433 1336 3487 Deum

745 3502 866 3573 accedit,
880 3506 1081 3572 conturbatur,
1097 3504 1165 3577 quia
1179 3520 1255 3576 saepe
1272 3509 1337 3573 post

745 3581 862 3649 peccata
885 3579 920 3632 ad
945 3578 1034 3633 Deum
1060 3578 1189 3633 conversi
1210 3580 1337 3647 magisa

746 3645 887 3703 daemonio
913 3646 1135 3720 impugnantur,
1161 3652 1193 3704 nt
1216 3652 1260 3704 vet
1285 3663 1337 3719 per

746 3717 863 3800 taedium
876 3718 1011 3776 virtutum
1026 3728 1054 3776 et
1065 3720 1179 3776 labores
1192 3718 1336 3791 poeniten-

747 3798 795 3846 trae
814 3793 946 3860 excutiat,
963 3796 991 3847 et
1012 3791 1048 3847 ad
1064 3791 1133 3848 vitia
1147 3795 1276 3853 reducat,
1292 3789 1336 3845 vel

747 3860 782 3917 de
798 3877 849 3917 sna
863 3862 1028 3933 expulsione
1044 3881 1074 3920 su
1094 3863 1227 3920 vindicet.
1246 3862 1291 3919 Sic
1307 3862 1336 3917 in

747 3931 891 4003 primitiva
909 3933 1034 3991 Ecclesia
1050 3937 1139 3992 multa
1154 3933 1252 4005 gravia
1269 3950 1337 3990 cer-

747 4004 855 4060 tamina
868 4004 923 4061 illis
940 4021 975 4076 ap
987 4007 1081 4073 insuit,
1095 4022 1166 4078 quos
1181 4022 1232 4062 suo
1247 4021 1337 4077 regno

748 4076 915 4133 subtrahere
940 4093 974 4132 vo
989 4079 1040 4133 uit.
1064 4081 1125 4134 Non
1146 4087 1242 4133 autam
1269 4092 1338 4146 puer

748 4147 805 4204 vim
828 4147 948 4219 patiens,
964 4148 1013 4203 sed
1034 4149 1163 4206 diabolus
1182 4147 1239 4205 vim
1259 4149 1338 4205 inte-

749 4234 824 4290 rens,
834 4220 1012 4301 increpatur,
1023 4219 1100 4292 qnia,
1113 4219 1161 4292 qui
1172 4227 1338 4292 peccantem

748 4291 808 4348 vult
833 4304 945 4361 sanare,
974 4289 1074 4351 vitium
1102 4291 1225 4351 odiendo
1253 4292 1338 4349 debet
