2820 4928
57 311 128 369 Ι140
427 316 585 370 seculus
613 314 732 372 lauris
759 311 865 367 CAPUT
894 310 961 364 xxa

84 422 320 495 appetebant,qui
330 423 423 480 adbuc
433 424 562 480 carnales
575 428 668 494 erant,

85 500 113 549 ot
135 494 259 575 noudum
288 496 410 567 perfecte
432 494 595 564 illuminati,
618 512 669 552 neo

85 568 246 646 ronlirmatr
263 581 313 636 per
328 565 448 637 gratiam
462 566 583 638 Spiritus
601 568 670 623 San-

84 642 132 692 ctr.
152 637 230 693 Unde
253 636 294 693 ait
314 640 540 707 chrysostomus:
559 661 573 689 «
593 640 669 694 lutra

85 713 213 788 tompus·
228 708 382 766 vocationis
405 710 616 780 Apostolorum.
642 715 669 765 ct

86 779 230 834 l’assroms
242 780 365 850 Domini,
383 788 510 837 mortuns
529 792 572 837 est
585 784 670 838 Zebu-

86 848 175 916 dous,
191 852 220 932 et
246 853 291 933 sio.
310 854 364 909 ista
388 859 484 909 secuta
503 859 547 909 ost
573 855 669 910 losum

85 936 151 975 cum
164 921 232 977 lilns
250 939 317 979 sors.
335 926 408 981 Seru
428 924 547 993 fragilis,
562 930 591 981 et
606 926 669 996 jam

87 999 169 1049 aetate
184 992 306 1076 delecta,
322 995 424 1053 Christi
440 997 558 1068 vestigia
572 1011 673 1068 seque·

85 1063 181 1147 batur,
194 1080 260 1149 qura
275 1067 345 1124 lldes
360 1084 515 1141 numquam
531 1069 667 1137 sen-asoa,

86 1140 115 1191 et
130 1136 230 1207 relrgro
244 1139 439 1210 fatigationem
459 1140 616 1197 consentit
632 1157 638 1194 :
656 1157 671 1190 t

86 1208 149 1263 hacc
171 1211 386 1291 chrysostomus.
396 1211 462 1268 Tria
479 1218 573 1269 autom
589 1214 670 1282 petit.

88 1295 152 1362 quae
166 1281 328 1340 desrderant
342 1289 446 1341 matres
458 1284 534 1345 liliis,
545 1283 669 1339 scilicet:

87 1356 221 1422 quietem.
232 1370 296 1410 cum
311 1355 392 1412 dicit:
403 1358 463 1424 Dio,
477 1362 507 1411 ut
517 1357 629 1411 sedeunt
642 1355 672 1408 ltt'

89 1423 143 1479 duo
157 1427 212 1495 filit·
228 1428 299 1493 mei3
316 1427 448 1493 honores,
465 1444 527 1483 curn
555 1425 671 1483 subdit:

91 1496 166 1580 Ursus
174 1497 211 1550 ud
219 1498 360 1577 deuterum
375 1503 461 1559 tuum,
471 1504 497 1553 et
508 1499 581 1553 ulios
589 1499 626 1552 od
636 1499 673 1551 si·

89 1571 222 1634 nrsrrom,·
238 1567 363 1633 divitias,
378 1584 443 1623 cum
466 1568 565 1625 addit:
583 1571 615 1624 lu
632 1584 673 1622 re·

90 1652 144 1705 pao
159 1639 329 1719 ‘mnf‘ffltffl
339 1638 407 1695 dicit
426 1639 502 1696 idem
517 1641 672 1709 chrysosto-

87 1723 158 1771 mos,
184 1708 232 1790 ala
250 1708 315 1763 tllirs
334 1709 392 1766 suis
410 1710 540 1767 militiam
559 1725 673 1781 compa·

90 1783 164 1863 rapt.
178 1778 224 1860 aln
238 1778 360 1849 divitias,
374 1780 422 1838 alii
436 1783 573 1851 bonorcs;
589 1796 673 1837 nomo

88 1849 673 1932 lrlrrssurscornparatDerimPorditionam

88 1919 201 1978 allorum
234 1940 337 1995 magno
383 1926 454 1983 ratio
483 1930 672 1995 comparant;

89 1992 210 2075 salutem
222 2003 318 2054 autern
339 1941 452 2055 ilRuum
466 2014 517 2055 nec
532 1999 607 2054 dono
625 2012 673 2052 ac·

90 2081 185 2138 cipere
200 2068 307 2126 volunt.
330 2070 396 2139 Sed,
416 2071 438 2126 si
463 2070 584 2127 viderint
611 2068 675 2124 illos

92 2137 258 2208 honoratos,
268 2141 401 2199 letantur
415 2141 455 2210 ;si
472 2142 593 2197 viderint
607 2156 674 2210 parr-

91 2224 183 2280 peres,
203 2211 370 2292 tristantem
386 2215 409 2267 si
424 2212 546 2269 viderint
559 2227 675 2283 peccaro-

93 2287 146 2347 tes,
163 2296 221 2335 nou
238 2286 398 2347 trrstautur,
406 2289 436 2339 ut
449 2286 600 2339 ostendant
608 2281 675 2354 quia

92 2365 244 2419 corporum
259 2357 401 2409 amatores
414 2359 489 2423 suut,
502 2370 559 2410 nou
570 2353 675 2409 anima·

92 2436 156 2476 rum
171 2438 178 2476 :
196 2442 209 2475 o
226 2423 287 2479 baeo
300 2425 517 2494 Gtrysostomus.
539 2429 569 2481 ln
584 2424 676 2482 tribus

93 2493 354 2576 aptam-deficiebat
370 2494 424 2553 ista
441 2496 545 2554 mulier
560 2520 566 2555 :
584 2498 614 2552 iu
629 2512 675 2552 or-

94 2562 171 2645 dine,
191 2581 220 2622 ru
242 2565 412 2637 intentione,
442 2568 473 2625 iu
495 2569 624 2627 materia.
646 2570 677 2624 ln

93 2634 193 2718 ordina
216 2645 277 2694 erat
322 2639 485 2710 erversitas,
512 2641 579 2713 quia
610 2645 677 2696 ante

94 2714 226 2789 mantum
241 2655 356 2782 petebat
366 2712 516 2785 praemium
533 2729 540 2768 :
556 2714 617 2778 llio,
632 2710 680 2767 in-

94 2784 166 2851 qurt,
181 2786 212 2837 ut
226 2783 338 2867 sedeopt
350 2787 390 2855 tt,
402 2784 452 2857 qui
464 2784 591 2842 nondum
602 2782 680 2839 labo·

94 2858 237 2912 raveraut.
254 2857 285 2910 ln
306 2855 463 2914 intentione
482 2861 544 2913 erat
562 2852 681 2912 carnati-

95 2928 154 2993 tas;
167 2926 301 3009 credebat
313 2928 390 2986 euim
403 2931 456 2986 boc
468 2928 521 2985 sibi
535 2926 633 2984 deberi
647 2942 680 2981 ex

97 2995 159 3083 loge
178 3013 285 3081 oarms;
308 3000 372 3058 ideo
391 3001 482 3058 dicit:
499 3003 536 3057 lli
554 2999 608 3055 duo
627 2999 681 3068 prot

94 3083 158 3149 oter,
172 3071 279 3127 sedicet
291 3072 452 3130 consobrini
467 3073 518 3129 tui.
538 3074 570 3127 lu
586 3076 681 3127 mate-

95 3154 138 3195 rra
151 3150 212 3222 erat
223 3143 343 3211 vanitas,
354 3144 420 3217 quia
429 3159 563 3217 pompam
572 3156 681 3214 quaere·

96 3209 154 3280 bat,
170 3212 233 3269 rdeo
253 3215 373 3271 subdit:
393 3219 468 3272 Unus
483 3217 521 3270 ud
539 3215 681 3269 deuterum

95 3286 180 3350 tuum,
190 3289 217 3338 et
226 3287 493 3342 uausodsinistram
505 3292 591 3353 tuom,
599 3289 630 3341 in
638 3301 681 3340 re-

97 3367 150 3421 pao
166 3359 222 3410 tuo.
238 3356 297 3436 Non
312 3356 415 3419 solum.
425 3364 457 3413 ut
469 3356 508 3412 ait
523 3358 681 3425 chrysosto-

98 3438 167 3504 mus,
178 3425 336 3495 praedrceus
346 3428 490 3500 discipulis
500 3425 557 3483 suis
569 3430 603 3482 de
617 3429 683 3483 Pas

100 3496 682 3579 sronesualutprmsedetiamaptanspoti·

99 3570 170 3622 tnrae
185 3567 297 3651 mulgeri
316 3570 420 3635 locum,
432 3569 583 3627 declinavit
603 3585 681 3626 seor-

99 3652 161 3720 sum
172 3638 208 3694 ab
223 3641 436 3711 rtrnere,donec
451 3642 583 3700 mulieres
594 3649 682 3698 retro-

98 3716 244 3792 renreutes
256 3719 447 3771 occurrerent.
457 3716 513 3771 Nec
526 3713 611 3771 otiam
622 3730 681 3769 cre·

97 3780 184 3865 drbrle
195 3788 239 3838 est
251 3782 359 3841 mixtim
371 3802 435 3843 cum
447 3785 508 3860 ipso
518 3786 683 3844 ambulasse

99 3854 242 3937 mulieres,
257 3855 308 3912 sed
328 3857 413 3929 longo
428 3858 588 3927 intervallo,
604 3874 684 3931 sopa-

98 3933 181 3983 ratrm
195 3936 269 4010 tuter
281 3944 312 3985 se
328 3929 512 3987 ambulabant
524 3949 531 3999 ;
552 3929 683 3989 Christus

97 4012 161 4054 cum
177 3999 309 4073 discipuli
334 4000 393 4057 suis
412 4000 507 4074 primi,
531 4007 684 4071 soquentes

97 4075 194 4127 autem
220 4071 255 4128 de
279 4072 362 4145 longe
393 4072 537 4129 mulieres.
562 4075 606 4140 Et,
620 4089 684 4129 crim

99 4145 200 4212 mater,
211 4145 366 4202 secundum
375 4145 603 4202 informationem
615 4144 685 4200 sslio-

98 4228 171 4281 rum,
192 4221 371 4299 peteretpro
393 4219 446 4285 eis,
461 4218 543 4274 lesus
560 4231 616 4273 non
642 4233 684 4274 re-

98 4285 213 4355 spondit
231 4296 314 4344 matrr
331 4305 382 4361 pro
401 4287 582 4361 simplicitate
601 4288 683 4360 ajus;

725 422 773 479 sed
787 421 854 478 filiis
865 435 915 492 per
925 412 1186 488 competentibus,
1200 408 1310 489 quitor-

724 496 925 565 baposuerunt
940 490 968 545 in
994 503 1047 543 ore
1071 483 1193 542 matris.
1210 482 1310 538 Srrelnl

725 566 800 623 euim
814 565 904 637 ipsam
918 561 1037 618 missam
1052 574 1072 614 a
1090 556 1173 615 liliis.
1190 557 1220 610 et
1235 551 1312 607 inlar-

725 646 830 693 matam
841 637 876 692 de
891 632 1029 706 petitione
1041 627 1188 686 facienda
1201 639 1251 697 pro
1263 638 1312 685 ers;

726 715 841 782 propter
852 705 926 779 quod
937 703 979 763 eia
991 698 1166 774 imputavit,
1176 692 1313 769 quiaquod

726 796 776 853 per
790 781 861 836 alios
881 778 1011 843 tacimus,
1032 767 1260 845 quodammodo
1273 780 1314 838 prr

727 850 915 922 nosmetipsos
932 847 1068 904 iacimus.

762 923 861 994 JQuro
886 938 926 976 srr
952 933 1102 975 rarrxourr
1131 930 1271 970 noctura.
1289 939 1315 951 -

727 995 807 1052 Unde
819 991 986 1063 respondens
1006 992 1092 1045 lesos
1111 986 1235 1043 duobus
1249 981 1315 1049 aliis,

727 1060 1314 1193 pirorumconsiliomaterpetebat,ostan

748 1138 768 1193 it
785 1153 834 1193 eos
851 1151 958 1202 errare,
974 1134 1054 1189 droit
1081 1129 1167 1188 euim
1187 1146 1194 1184 :
1211 1128 1314 1187 uocat

727 1210 796 1280 quid
808 1210 919 1280 potatis.
933 1205 1051 1265 scilicet.
1065 1202 1224 1259 mediante
1239 1204 1315 1255 matre

728 1286 833 1346 restra,
849 1295 933 1350 quam
947 1274 1138 1334 submisistis.
1151 1272 1241 1342 Quasi
1253 1270 1314 1327 dice

728 1361 771 1409 rot
789 1374 796 1408 :
819 1351 1017 1408 Praelationem
1040 1345 1182 1418 quaeritis
1198 1344 1228 1401 in
1245 1340 1314 1405 cralo,

728 1440 792 1496 quae
807 1422 884 1480 nulla
898 1420 938 1478 ibi
953 1422 1018 1487 erit,
1035 1424 1067 1474 et
1084 1418 1168 1474 male
1183 1416 1314 1488 quaeratis,

728 1512 850 1566 regnare
865 1493 940 1549 enirn
955 1490 1054 1560 vultis,
1069 1488 1122 1561 qui
1144 1505 1207 1545 non
1226 1483 1313 1543 merui

729 1569 791 1633 stis,
812 1572 840 1623 at
867 1581 919 1622 nec
933 1564 1056 1630 bonore,
1082 1560 1139 1617 sed
1159 1574 1250 1616 onere
1265 1570 1315 1629 per·

730 1640 842 1695 venitur
852 1637 887 1701 ad
896 1650 1014 1709 rognum
1026 1633 1110 1704 quod
1122 1630 1267 1703 quaeritis.
1280 1630 1316 1684 at·

730 1711 849 1767 tendant
861 1725 940 1779 ergo,
954 1706 1001 1779 qui
1015 1720 1145 1775 rognum
1163 1702 1317 1759 coelorona

730 1781 850 1839 Domino
865 1783 974 1852 petunt.
990 1782 1018 1833 et
1029 1792 1140 1848 parum
1155 1790 1209 1846 per
1223 1776 1273 1829 boo
1284 1770 1314 1826 la·

729 1854 844 1921 borant,
860 1852 935 1923 quod
953 1847 1084 1906 Christus
1101 1848 1168 1903 suis
1186 1840 1315 1914 discipulis

730 1932 759 1981 et
773 1924 923 1996 nepotibus
930 1919 1126 2048 responderit.
1139 1917 1226 1975 Unde
1239 1914 1312 1972 uelo:

733 2020 743 2047 ι
762 1998 895 2053 Nesciunt
918 1993 965 2065 qui
1011 1995 1132 2063 petunt,
1162 1991 1213 2062 qui
1232 1986 1313 2043 wrm

730 2067 828 2140 gloriae
842 2083 859 2123 a
874 2063 1106 2133 nominandam
1120 2061 1253 2118 nondum
1262 2070 1313 2113 ma·

731 2132 1310 2209 rebantur,inquirunt.Desiderabautet·

731 2214 807 2268 emm
827 2224 947 2281 regnare
961 2205 1128 2263 sublimiter
1152 2219 1222 2262 cum
1238 2198 1309 2259 Cbri·

730 2290 784 2351 sto,
800 2282 850 2338 sad
867 2283 943 2351 prius
957 2284 1018 2335 erat
1034 2279 1094 2347 pati
1106 2276 1257 2333 humiliter

731 2354 853 2414 Cbristo.
870 2373 884 2406 o
899 2353 951 2409 Ubi
963 2357 992 2407 et
1002 2351 1223 2418 chrysostomus
1233 2363 1260 2402 τι
1277 2356 1306 2397 u·

733 2427 790 2483 tolli
813 2441 861 2482 oro
873 2440 942 2495 ergo
955 2423 1093 2479 debemus
1104 2427 1137 2476 et
1150 2435 1217 2486 uos,
1227 2420 1307 2475 utnon

733 2442 828 2579 illutfa
842 2498 899 2579 Deo
911 2500 1050 2569 petamus,
1062 2493 1144 2564 quod
1155 2507 1211 2548 uos
1221 2491 1314 2573 bouum

734 2586 796 2626 osso
811 2569 989 2639 iudicamus,
1010 2564 1061 2621 sed
1081 2568 1208 2619 orantes
1224 2576 1252 2617 ru
1269 2572 1316 2630 po-

734 2646 836 2698 testate
850 2638 900 2696 Doi
915 2651 1064 2709 ponamus,
1082 2642 1114 2691 ut
1134 2635 1175 2690 ad
1190 2628 1261 2690 illud
1275 2642 1318 2685 ex·

735 2713 842 2784 audiat,
860 2710 936 2783 quod
949 2711 1008 2781 ipse
1019 2706 1103 2764 nobis
1115 2703 1256 2779 expedire
1262 2712 1317 2771 cog·

736 2782 835 2841 noscit.
854 2803 868 2835 o
883 2783 917 2838 Et
930 2780 1032 2837 iterum
1049 2795 1056 2834 :
1075 2800 1090 2830 κ
1102 2779 1173 2835 lton
1187 2774 1266 2833 enim
1277 2786 1319 2827 ao-

736 2856 797 2913 lum
820 2853 956 2911 debemus
971 2851 1098 2923 cogitare
1117 2850 1239 2921 qualem
1260 2842 1320 2917 glo-

736 2930 808 2984 riam
835 2939 1065 2996 consequamur,
1094 2920 1151 2977 sed
1183 2912 1321 2996 quomodo

737 2999 888 3056 evadamus
902 2996 1015 3052 ruinam
1029 2992 1154 3065 peccati,
1192 2990 1241 3047 uia
1254 2994 1283 3044 et
1294 3000 1319 3041 ur

736 3071 858 3128 seculari
874 3069 959 3136 bello,
977 3065 1026 3140 qui
1044 3007 1213 3135 semperge
1227 3056 1319 3134 praeda

735 3141 862 3198 victorias
877 3139 993 3211 cogitat,
1009 3136 1128 3195 difficile
1144 3134 1246 3192 vincit.
1260 3130 1320 3187 ldco

736 3213 890 3287 petendum
905 3217 967 3268 erat
983 3228 990 3267 ε
1008 3211 1050 3265 Da
1063 3206 1148 3265 nobis
1163 3202 1319 3287 exemplum

736 3285 837 3360 gratiae
856 3292 923 3351 toae,
943 3288 973 3340 ut
994 3296 1080 3338 omne
1095 3278 1205 3336 malum
1232 3288 1320 3332 rauca·

737 3374 800 3414 mus
815 3375 822 3413 :
838 3375 852 3409 r
868 3356 929 3412 haeo
945 3356 1165 3423 utrorostomos.
1184 3350 1242 3405 l’er
1258 3346 1321 3427 istos

735 3427 863 3487 Zebedaei
875 3426 960 3494 lilios,
968 3424 1017 3498 qui
1027 3423 1200 3497 petieruuta
1213 3421 1320 3477 consto

737 3518 797 3574 prae
822 3499 924 3556 ceteris
946 3496 1093 3568 discipulis
1119 3492 1275 3557 honorari,
1291 3500 1320 3543 eo

737 3558 1322 3645 quodorantojusconsanguinei,siguifi·

737 3650 838 3701 cantur
850 3638 1057 3712 ambitio=i,qui
1072 3640 1216 3695 babentes
1231 3630 1322 3713 prela·

738 3707 1322 3785 tumconsartguinoum,roluntperbocru

739 3788 864 3842 Ecclesia
878 3800 937 3857 prro
957 3783 1059 3840 ceteris
1072 3777 1249 3855 promoveri.
1265 3774 1323 3843 Qui

740 3859 792 3914 bus
810 3860 880 3914 boue
896 3855 1100 3928 respondetur:
1120 3853 1244 3911 Nescitis
1259 3842 1323 3919 quid

737 3932 850 4002 petatis.
868 3929 938 3984 Nam
962 3928 1087 3983 bonores
1107 3926 1245 3980 Ecclesiae
1272 3930 1323 3974 nou

739 4007 806 4058 sunt
833 3998 1015 4071 disper-audi
1044 4014 1078 4054 ox
1114 3992 1322 4068 propinquitate

739 4071 887 4144 sanguinis
900 4088 907 4138 ;
921 4073 969 4126 sod
994 4085 1027 4125 ex
1051 4067 1209 4125 idoneitate
1224 4076 1323 4147 persp·

739 4160 853 4211 narum,
873 4141 983 4198 ratione
1002 4139 1128 4197 scientiar
1154 4143 1183 4194 et
1203 4140 1323 4192 virtuts.

739 4217 773 4272 lit
791 4214 991 4271 universaliter
1006 4213 1041 4269 de
1054 4210 1187 4268 omuibus
1197 4204 1324 4265 ambitio·

740 4287 779 4343 sis
793 4285 899 4357 optime
912 4287 1007 4357 potest
1021 4282 1088 4347 diei,
1103 4283 1179 4355 quod
1197 4278 1324 4337 nesciunt
