2820 4928
90 326 137 380 til
445 327 600 380 {EUM
628 324 744 378 illlis
768 322 873 376 UPU
901 322 965 376 m

93 435 208 489 semion.
228 448 254 485 sc
269 432 334 486 {Tr-:t
354 447 423 501 ’ῖς-,ς
447 432 482 486 lr-
494 448 569 485 2:32:
585 438 612 485 ct
627 447 673 483 ce-

90 522 178 587 spice,
195 504 300 559 silite:
327 504 363 557 ai
384 520 506 558 ÷·.·s..a;.÷
533 516 561 557 ει
585 514 674 557 :enta-

92 576 189 633 tionis.
208 592 241 628 ne
262 586 345 629 cesset
369 591 464 629 rnna-n
489 588 546 630 .··.;,
568 574 674 629 scin-ret

89 665 106 703 a
132 648 310 702 seminando.
338 677 373 686 -
395 649 550 717 §eptam
580 662 673 701 neare-

88 720 167 775 d;um
185 726 238 773 est.
253 718 328 788 qued
342 734 439 773 <mnr-
456 718 674 787 inescati-ones

87 798 115 846 ct
129 805 241 844 errores
256 806 318 860 que
331 788 465 845 tevenire
480 789 553 844 la-iu
564 798 585 842 .t
594 789 674 859 quasi

87 861 248 917 indubium
264 862 384 933 a'imjus
399 860 537 917 veritatis.
549 861 674 932 expellas

84 936 200 989 acorde
215 940 275 991 tuo.
287 942 314 989 et
344 950 362 989 a
385 948 523 988 memora
546 940 674 989 tuarum

86 1020 198 1061 summo
218 1005 312 1060 studio
336 1014 366 1061 et
384 1005 546 1061 conamine.
561 1012 673 1060 tantum

87 1094 137 1133 tor
161 1084 190 1131 ct
218 1076 393 1133 Intellectum
422 1077 614 1132 convertendi
641 1093 670 1131 in

86 1156 210 1222 pur.tate
227 1158 255 1204 ct
275 1149 393 1205 veritate
415 1148 544 1205 radi-:um
567 1154 672 1204 nistre

88 1220 166 1285 otei,
180 1228 207 1277 et
227 1220 256 1276 in
271 1219 328 1278 vita
343 1223 523 1283 sanctirum,
541 1228 568 1275 ct
583 1220 613 1275 in
629 1236 674 1275 se·

88 1292 173 1348 rita:e
200 1300 365 1348 sanctarum
393 1293 612 1363 scripturarum,
637 1293 672 1347 de

88 1366 192 1435 quibos
218 1364 240 1420 si
270 1366 416 1421 bomilcer
440 1374 467 1419 et
494 1365 616 1419 disuete
636 1364 673 1418 ad

88 1437 204 1491 easdem
223 1453 376 1492 conuersus
396 1436 493 1495 lucris.
508 1435 613 1508 poteris
634 1436 675 1490 in·

89 1524 154 1562 men
177 1509 325 1563 extrahere
346 1508 383 1562 ad
406 1516 483 1562 reric
502 1522 674 1577 renoscen-

89 1582 156 1634 dum
181 1579 234 1633 lto:
254 1579 282 1633 io
298 1595 355 1648 quo
376 1579 454 1647 prius
478 1579 672 1633 dubitaveras.

88 1650 121 1705 Et
141 1660 225 1704 istum
245 1652 359 1703 modum
374 1650 459 1703 debu
472 1650 558 1704 homo
573 1656 672 1703 tenere

89 1722 117 1776 in
145 1720 349 1775 tentntionibus
370 1719 575 1800 spiritudibus.
607 1736 673 1789 que

87 1808 144 1848 non
160 1799 226 1846 sunt
240 1791 276 1846 de
296 1791 500 1862 principalibus
520 1791 585 1847 fidei
602 1792 671 1846 arti·

87 1864 170 1925 culis,
193 1862 243 1918 sed
270 1862 305 1918 de
334 1863 478 1934 aliquibus
504 1863 673 1919 veritatibus

88 1936 142 2009 ipsi
166 1934 232 1991 fidei
260 1935 406 2008 proximis.
427 1967 462 1975 -
475 1936 611 1992 Octavum
632 1952 673 1990 re·

88 2008 213 2065 medium
226 2014 280 2071 cst,
295 2008 369 2089 quod
383 2014 411 2064 te
426 2010 561 2064 existente
579 2011 605 2062 in
621 2024 673 2062 an-

90 2079 200 2137 tedictis
213 2080 431 2145 tentationibus,
443 2080 549 2136 babeas
560 2080 674 2135 firmam

89 2159 117 2208 et
129 2159 236 2207 certam
251 2167 341 2222 spem,
355 2154 430 2222 quod
445 2152 481 2207 de
506 2152 565 2207 istis
582 2158 675 2207 tenta-

90 2223 215 2278 tionibus
230 2224 305 2278 Deus
327 2230 354 2278 te
376 2223 413 2276 ad
435 2221 549 2292 aliquod
564 2224 673 2278 bonum

90 2294 221 2353 adducet,
238 2302 266 2347 et
280 2309 331 2347 cor
348 2300 428 2347 tuum
444 2294 625 2351 claritiribit:
646 2299 673 2349 et

89 2364 189 2421 credas
204 2362 324 2418 llrmitcr
339 2365 414 2434 quod
437 2366 510 2419 Deus
538 2364 675 2436 permittit

90 2444 118 2492 te
138 2434 234 2491 venire
261 2434 289 2488 in
315 2451 373 2502 prae
384 2435 465 2490 fictas
489 2436 674 2505 tentationes,

91 2512 206 2581 propo-r
220 2505 384 2561 exercitium
400 2513 455 2562 tuae
472 2509 593 2571 virtutis,
603 2516 630 2563 ct
645 2513 674 2563 ut

91 2587 119 2636 te
139 2577 283 2644 humilies,
298 2582 430 2634 Attamen
461 2579 501 2635 ita
518 2597 547 2635 se
571 2580 674 2635 habeat

90 2668 155 2725 spes
186 2649 369 2722 supradicta,
400 2651 476 2721 quod
501 2651 675 2722 negligentia

90 2741 148 2781 non
168 2722 327 2777 includatur
341 2722 368 2776 in
384 2739 429 2788 ea,
444 2723 484 2777 sic
499 2723 574 2792 quod
596 2730 676 2779 tuum

88 2868 181 2924 tiones
203 2865 373 2938 praedictas;
397 2873 425 2921 ct
440 2865 573 2922 similiter
589 2866 629 2921 sic
644 2883 675 2922 se

88 2940 192 2996 habcat
208 2938 360 2994 credulitas
375 2938 522 3010 praedicta,
538 2938 615 3009 quod
631 2955 678 2994 su·
705 2944 709 3007 Ι

704 2766 707 2793 ,
733 2740 786 2779 nus
798 2730 829 2779 ut
842 2722 1000 2794 vigitemus,
1011 2727 1040 2778 et
1054 2723 1094 2778 ad
1109 2723 1251 2781 incertum
1262 2724 1308 2777 e'us

89 2812 173 2868 posse
187 2793 275 2849 facias
289 2794 324 2849 de
339 2795 504 2866 expellendo
516 2810 533 2848 a
546 2804 573 2849 te
585 2800 676 2850 tenta·
704 2798 707 2803 '
1267 2738 1283 2849 f

731 430 847 485 Patron
868 443 962 499 super
987 425 1206 484 tentationibus
1221 442 1300 487 eomn

731 501 881 557 ueniebant
905 499 944 555 ad
968 500 1066 555 tinem
1083 499 1195 556 malum
1223 502 1302 556 Etcon

729 572 793 644 tigit
806 572 952 643 aliquibus
962 570 1035 626 aliis
1059 572 1154 641 quod,
1166 573 1221 628 fleo
1230 572 1302 627 sicio-

730 645 816 707 lente,
832 644 998 715 puniebant
1023 644 1208 700 tentationes
1221 652 1303 714 puoto

729 732 828 772 eorum
843 714 1083 787 simplicitatem,
1102 724 1133 772 et
1148 716 1304 772 bumilitatcn

730 804 815 859 quam
829 789 978 844 habebant
988 788 1021 843 in
1033 789 1167 859 petendo
1175 787 1304 847 consitio

729 869 758 917 et
770 858 907 915 auxilium
932 874 1029 930 super
1052 859 1305 916 tentationibussuis

729 933 816 987 tinem
826 931 975 987 salubrem
991 930 1200 997 inveniebant,
1211 938 1238 987 et
1248 930 1304 986 citius

730 1004 935 1059 liberabantur.
950 1033 991 1044 —
1001 1002 1165 1060 Decimum
1176 1002 1303 1059 remedim

728 1084 782 1135 est.
806 1074 881 1146 quod
910 1074 935 1129 si
964 1075 1143 1131 antedictas
1166 1074 1304 1130 tentationes

728 1148 844 1203 habeas.
860 1148 1001 1202 lerescor
1009 1153 1041 1203 et
1053 1146 1235 1204 intellectum
1247 1152 1302 1201 tuin

727 1219 764 1274 ad
792 1220 892 1283 Deum,
907 1219 1076 1289 qiraerendo
1107 1218 1251 1275 humiliter
1269 1218 1303 1272 bot

728 1291 804 1362 quod
825 1306 852 1346 ei
876 1289 963 1344 fuerit
994 1290 1218 1355 honorabilius,
1230 1297 1254 1344 et
1267 1294 1304 1343 tue

719 1362 831 1418 animae
841 1361 988 1416 salubrius
998 1369 1154 1433 supertua
1163 1360 1302 1426 tentatione,

728 1433 906 1504 subjiciendo
921 1438 1004 1488 tuam
1024 1436 1209 1490 voluntatem
1230 1436 1303 1487 rotun·

728 1512 779 1561 tati
794 1504 895 1560 diiinae
906 1522 915 1571 ;
927 1504 969 1561 sic
983 1512 1026 1567 ut,
1041 1504 1067 1559 si
1082 1506 1142 1562 sibi
1155 1502 1305 1577 placetqod

729 1592 894 1649 perseveres
913 1576 942 1631 iu
956 1575 1142 1645 tentatione,
1156 1576 1276 1633 similiter
1286 1582 1306 1629 et

729 1650 779 1706 tibi
794 1654 915 1721 pareat,
932 1646 1029 1703 solum
1045 1658 1081 1704 ut
1102 1650 1194 1705 Deum
1209 1663 1258 1703 non
1277 1646 1306 1701 ol

729 1721 838 1778 tendas.
849 1752 880 1761 —
895 1720 1092 1776 t‘ndecimum
1103 1720 1258 1776 remedium
1267 1726 1306 1777 est.

730 1794 806 1861 ouod
821 1791 875 1848 nisi
889 1790 1042 1861 peraliam
1058 1791 1141 1849 viam
1153 1792 1242 1863 possis
1257 1805 1305 1845 eia·

729 1865 797 1921 dere
814 1862 964 1931 predictas
975 1862 1171 1927 tentationes,
1184 1863 1306 1919 debeseas

730 1935 870 1997 oblivisci,
882 1940 911 1991 et
925 1949 978 2005 per
998 1936 1164 2005 quamdam
1189 1934 1307 2004 negiigco

731 2008 800 2064 tiam
814 2008 914 2078 fugere
926 2012 954 2061 et
968 2005 1134 2074 dimittere,
1144 2006 1308 2062 considerans

730 2079 806 2151 quod
823 2094 880 2135 non
905 2082 971 2132 sunt
995 2078 1182 2133 tentationes
1204 2093 1253 2149 per
1266 2078 1308 2132 dia·

731 2152 826 2209 bolum
847 2158 1017 2221 procuratae,
1037 2149 1093 2204 sed
1120 2149 1307 2220 passioneo

731 2222 910 2291 fragilitates,
922 2237 973 2277 seu
988 2220 1162 2277 debilitates
1176 2238 1249 2293 que,
1262 2235 1307 2276 cun

731 2312 764 2352 ex
776 2291 1069 2365 naturaproventant,
1081 2298 1151 2349 sunt
1164 2306 1307 2350 commune:

703 2394 707 2419 t
731 2369 816 2423 statui
831 2366 912 2437 liujus
928 2363 1005 2419 vitae.

765 2444 781 2505 t
808 2439 1019 2504 Qrsrtonoecnr
1044 2454 1187 2494 amoses
1211 2452 1307 2494 enorrn

703 2546 707 2553 ·
731 2526 800 2572 QUAS
815 2525 981 2564 monteses
995 2525 1045 2563 cst
1063 2526 1190 2566 eroum
1207 2525 1307 2565 semit-

731 2598 800 2637 nnrs.
812 2611 847 2621 -
860 2581 902 2647 Et,
912 2578 981 2650 quia
994 2595 1085 2651 supra
1100 2587 1129 2636 et
1144 2581 1176 2637 in
1190 2578 1308 2652 sequenti·

731 2653 795 2719 bus,
807 2651 902 2708 multis
915 2651 1008 2707 modis
1018 2653 1158 2708 bortatur
1171 2669 1224 2708 nos
1236 2648 1308 2708 Doni·

732 2796 869 2851 adrentus
882 2794 957 2850 diem
971 2810 1022 2849 nos
1035 2794 1266 2866 praeparemus,i

733 2878 763 2924 ut
775 2866 907 2923 continue
920 2866 957 2921 ad
969 2880 1061 2936 opera
1075 2867 1216 2924 virtutum
1229 2881 1307 2924 ascen·

733 2939 795 3003 das,
806 2937 849 2994 rel
861 2938 961 2994 saltem
971 2942 1165 2996 vehementer
1177 2937 1307 2995 ascendere

86 3010 185 3139 pechio
201 3026 258 3065 non
275 3009 447 3078 includatur,
464 3010 514 3065 sed
534 3010 675 3080 quoodo·
705 3020 709 3103 ρ
733 3009 890 3075 desideres,
902 3016 1049 3081 ponuntur
1062 3012 1108 3066 bic
1118 3016 1308 3081 consequenter

110 3083 162 3138 ites
187 3082 262 3153 quod
286 3081 342 3138 itlae
371 3085 545 3138 tentationes
559 3084 676 3137 veniant
706 3110 710 3155 ρ
733 3081 836 3153 aliquae
852 3080 1039 3152 rationesper
1054 3082 1304 3155 quaspoterisseo-

88 3160 205 3226 propter
221 3160 299 3209 tuam
315 3153 436 3221 culpam.
452 3184 485 3194 -
507 3155 616 3209 Nonum
632 3169 677 3208 re·

90 3224 216 3280 medium
235 3231 287 3285 cst.
309 3225 385 3297 quod
405 3225 427 3280 sl
447 3226 551 3282 babeas
570 3225 679 3280 antedi·

90 3301 150 3351 ctas
167 3295 337 3352 tentationes
359 3296 478 3352 multum
496 3296 678 3353 absconditas
707 3300 710 3335 ¹
735 3302 762 3352 ct
784 3312 896 3352 morere
918 3296 954 3352 ad
983 3297 1108 3367 majores
1136 3297 1305 3370 perfectione

90 3370 119 3422 et
133 3372 267 3432 secretas,
289 3382 344 3421 non
365 3383 413 3422 eas
428 3373 535 3427 teneas.
551 3384 607 3423 imo
630 3384 679 3423 eas

91 3435 201 3492 revclcs
216 3441 263 3491 tuo
288 3436 408 3507 sapienti
424 3444 452 3493 et
471 3438 593 3495 discreto
609 3455 677 3495 con-

92 3506 204 3575 fessori,
221 3510 248 3563 et
261 3506 400 3577 aliquibus
414 3508 605 3634 sinffulacibus
616 3526 678 3581 pcr-

92 3577 179 3647 sonis,
195 3580 242 3634 sed
258 3593 316 3633 non
331 3577 440 3645 multis;
475 3579 605 3649 equibus
615 3597 678 3650 per·

90 3650 213 3724 pendere
228 3648 401 3723 possisquod
410 3648 519 3707 ratione
531 3651 676 3722 experien-

91 3723 138 3781 tie
153 3723 342 3780 tentationum
358 3737 428 3792 quas
445 3724 616 3791 babuerunt,
633 3724 674 3779 rel

90 3794 202 3852 ratione
221 3792 335 3850 luminis
353 3792 500 3864 sapientiae
524 3803 552 3850 et
572 3793 672 3852 sancti·

91 3866 158 3923 tatis
175 3869 293 3939 possunt
310 3867 360 3920 tibi
382 3865 451 3922 dare
473 3866 622 3923 consilium
648 3873 677 3922 et

90 3937 245 4007 auxilium,
277 3953 310 3994 ac
336 3937 567 3994 consolationem.
599 3937 675 3994 Istud

90 4010 248 4066 remedium
258 4007 457 4066 commendent
471 4009 551 4065 multi
565 4010 672 4077 Sancti,

90 4080 157 4151 quia
171 4088 306 4138 narratur
322 4083 350 4137 in
371 4078 435 4135 vitis
454 4082 582 4148 Patrum,
598 4083 673 4151 quod

90 4152 205 4222 quidam
237 4151 369 4209 monachi
396 4150 443 4223 qui
464 4166 515 4223 per
539 4166 672 4221 magnam

90 4222 177 4278 vitam
197 4229 280 4280 erant
294 4225 355 4292 alti,
373 4239 439 4295 quia
454 4223 674 4281 contemnebant

91 4292 242 4351 consilium
272 4299 302 4352 et
332 4295 467 4353 auxilium
502 4295 673 4351 Sanctorum

707 3166 710 3177 ·
734 3154 788 3209 tire
820 3152 964 3225 pigritiam
993 3159 1021 3208 et
1048 3153 1226 3211 nihilitatem
1252 3147 1303 3208 boni

707 3284 710 3297 ¹
735 3223 810 3295 quod
826 3224 967 3297 incepisti,
985 3229 1014 3280 et
1026 3239 1078 3280 cor
1098 3234 1181 3283 tunm
1205 3223 1305 3282 excitare

735 3367 905 3425 omnimodae
921 3367 1033 3422 virtutis
1054 3383 1144 3438 quam
1167 3385 1223 3425 non
1245 3366 1304 3421 iure·

735 3438 812 3512 pisti.
826 3469 860 3480 -
874 3438 967 3494 l’rima
978 3437 1050 3494 ratio
1063 3448 1119 3506 est,
1132 3438 1233 3512 quiesi
1246 3433 1304 3516 aspi·

736 3510 1304 3584 ciasquomodoDeusestdignusamanet

734 3581 879 3648 honorari,
895 3581 1054 3638 secuudum
1068 3598 1152 3639 suam
1168 3581 1303 3639 bonitatem

733 3663 762 3710 et
783 3652 961 3725 sapientiam,
982 3658 1011 3709 et
1030 3652 1103 3709 alias
1128 3670 1197 3711 suas
1213 3649 1303 3708 nobiles

734 3725 1007 3796 [correctionesque
1020 3730 1087 3780 sunt
1102 3723 1134 3781 in
1150 3742 1185 3782 eo
1198 3724 1302 3780 sinenu·

733 3812 812 3852 mero
837 3804 865 3852 et
883 3796 944 3852 sine
967 3794 1102 3863 termino,
1118 3796 1229 3854 videbis
1241 3790 1299 3864 quoi

732 3869 786 3924 hoc
801 3870 875 3939 quod
888 3867 1032 3924 credidisti
1048 3868 1146 3925 facere
1162 3866 1297 3925 multumet

733 3955 867 4010 magnum
880 3941 915 3996 ad
934 3939 1073 3995 bonorem
1090 3940 1154 4008 Dei,
1172 3946 1298 3996 etsecuu·

732 4010 799 4067 dum
815 4026 895 4068 suam
911 4010 1086 4067 voluntatem
1099 4015 1145 4068 eet
1159 4009 1297 4068 minimum,

732 4088 760 4138 et
775 4081 855 4153 quasi
870 4081 941 4139 nibil
955 4081 985 4138 in
995 4087 1126 4154 respectu
1141 4081 1218 4154 quod
1232 4078 1296 4154 debe

731 4157 775 4209 rot
790 4170 853 4210 esse
867 4153 1025 4209 secundum
1041 4153 1117 4224 quod
1129 4155 1206 4211 Deus
1217 4158 1256 4209 est
1265 4146 1296 4226 di·

731 4240 814 4297 gnus.
830 4228 887 4281 leta
905 4224 978 4282 ratio
995 4223 1102 4281 idcirco
1142 4225 1215 4282 rimo
1233 4233 1297 4296 pom·

732 4301 788 4365 tur,
804 4295 872 4368 quia
897 4295 1092 4367 principaliter
1115 4241 1249 4355 debenus
1265 4296 1299 4347 tl·
