<?xml version="1.0" encoding="UTF-8"?>
<!DOCTYPE html PUBLIC "-//W3C//DTD XHTML 1.0 Transitional//EN"
    "http://www.w3.org/TR/xhtml1/DTD/xhtml1-transitional.dtd">
<html xmlns="http://www.w3.org/1999/xhtml" xml:lang="en" lang="en">
 <head>
  <title>
</title>
<meta http-equiv="Content-Type" content="text/html;charset=utf-8" />
  <meta name='ocr-system' content='tesseract 3.04.00' />
  <meta name='ocr-capabilities' content='ocr_page ocr_carea ocr_par ocr_line ocrx_word'/>
</head>
<body>
  <div class='ocr_page' id='page_1' title='image "./vitajesuchristi01ludogoog_0307.png"; bbox 0 0 2820 4928; ppageno 0'>
   <div class='ocr_carea' id='block_1_1' title="bbox 88 322 993 385">
    <p class='ocr_par' dir='ltr' id='par_1_1' title="bbox 88 322 993 385">
     <span class='ocr_line' id='line_1_1' title="bbox 88 322 993 385; baseline -0.006 -3"><span class='ocrx_word' id='word_1_1' title='bbox 88 333 135 385; x_wconf 78' lang='lat'><strong>296</strong></span> <span class='ocrx_word' id='word_1_2' title='bbox 410 326 567 380; x_wconf 78' lang='lat' dir='ltr'><strong>secutur</strong></span> <span class='ocrx_word' id='word_1_3' title='bbox 595 326 715 380; x_wconf 84' lang='lat' dir='ltr'><strong>rlnrts</strong></span> <span class='ocrx_word' id='word_1_4' title='bbox 742 322 847 378; x_wconf 78' lang='lat' dir='ltr'><strong>tillut</strong></span> <span class='ocrx_word' id='word_1_5' title='bbox 874 323 993 379; x_wconf 82' lang='lat' dir='ltr'><strong>xttttt</strong></span> 
     </span>
    </p>
   </div>
   <div class='ocr_carea' id='block_1_2' title="bbox 84 431 672 1164">
    <p class='ocr_par' dir='ltr' id='par_1_2' title="bbox 87 431 672 866">
     <span class='ocr_line' id='line_1_2' title="bbox 88 431 672 505; baseline -0.014 -12"><span class='ocrx_word' id='word_1_6' title='bbox 88 436 216 505; x_wconf 89' lang='lat' dir='ltr'><strong>laudum,</strong></span> <span class='ocrx_word' id='word_1_7' title='bbox 240 438 447 504; x_wconf 78' lang='lat' dir='ltr'><strong>cousequenter</strong></span> <span class='ocrx_word' id='word_1_8' title='bbox 473 431 609 488; x_wconf 79' lang='lat' dir='ltr'><strong>describit</strong></span> <span class='ocrx_word' id='word_1_9' title='bbox 631 431 672 504; x_wconf 93' lang='lat' dir='ltr'><strong>ip·</strong></span> 
     </span>
     <span class='ocr_line' id='line_1_3' title="bbox 91 502 672 576; baseline -0.01 -11"><span class='ocrx_word' id='word_1_10' title='bbox 91 523 155 565; x_wconf 90' lang='lat' dir='ltr'><strong>sum</strong></span> <span class='ocrx_word' id='word_1_11' title='bbox 164 505 312 576; x_wconf 87' lang='lat' dir='ltr'><strong>judicium.</strong></span> <span class='ocrx_word' id='word_1_12' title='bbox 322 507 355 561; x_wconf 87' lang='lat' dir='ltr'><strong>El</strong></span> <span class='ocrx_word' id='word_1_13' title='bbox 368 503 436 576; x_wconf 88' lang='lat' dir='ltr'><strong>quia</strong></span> <span class='ocrx_word' id='word_1_14' title='bbox 447 502 618 561; x_wconf 78' lang='lat' dir='ltr'>universitas</span> <span class='ocrx_word' id='word_1_15' title='bbox 629 504 672 575; x_wconf 90' lang='lat' dir='ltr'><strong>ju·</strong></span> 
     </span>
     <span class='ocr_line' id='line_1_4' title="bbox 89 574 670 644; baseline -0.009 -8"><span class='ocrx_word' id='word_1_16' title='bbox 89 579 211 637; x_wconf 86' lang='lat' dir='ltr'><strong>dicanda</strong></span> <span class='ocrx_word' id='word_1_17' title='bbox 224 575 407 644; x_wconf 75' lang='lat' dir='ltr'><strong>distinguitur</strong></span> <span class='ocrx_word' id='word_1_18' title='bbox 426 574 456 633; x_wconf 92' lang='lat' dir='ltr'><strong>iu</strong></span> <span class='ocrx_word' id='word_1_19' title='bbox 484 582 542 631; x_wconf 90' lang='lat' dir='ltr'><strong>tres</strong></span> <span class='ocrx_word' id='word_1_20' title='bbox 569 580 670 644; x_wconf 87' lang='lat' dir='ltr'><strong>status,</strong></span> 
     </span>
     <span class='ocr_line' id='line_1_5' title="bbox 89 647 671 717; baseline -0.01 -9"><span class='ocrx_word' id='word_1_21' title='bbox 89 649 197 708; x_wconf 87' lang='lat' dir='ltr'><strong>scilieet</strong></span> <span class='ocrx_word' id='word_1_22' title='bbox 225 673 231 707; x_wconf 75' lang='grc' dir='ltr'><strong>ι</strong></span> <span class='ocrx_word' id='word_1_23' title='bbox 251 648 417 717; x_wconf 86' lang='lat' dir='ltr'><strong>activorum,</strong></span> <span class='ocrx_word' id='word_1_24' title='bbox 438 647 671 717; x_wconf 82' lang='lat' dir='ltr'><strong>contemplativo-</strong></span> 
     </span>
     <span class='ocr_line' id='line_1_6' title="bbox 87 717 672 794; baseline -0.009 -15"><span class='ocrx_word' id='word_1_25' title='bbox 87 738 152 779; x_wconf 90' lang='lat' dir='ltr'><strong>rum</strong></span> <span class='ocrx_word' id='word_1_26' title='bbox 166 727 194 778; x_wconf 92' lang='lat' dir='ltr'><strong>et</strong></span> <span class='ocrx_word' id='word_1_27' title='bbox 216 722 411 794; x_wconf 73' lang='lat' dir='ltr'><strong>prelatorum,</strong></span> <span class='ocrx_word' id='word_1_28' title='bbox 426 718 489 776; x_wconf 92' lang='lat' dir='ltr'><strong>ideo</strong></span> <span class='ocrx_word' id='word_1_29' title='bbox 506 726 564 776; x_wconf 88' lang='lat' dir='ltr'><strong>tres</strong></span> <span class='ocrx_word' id='word_1_30' title='bbox 592 717 672 789; x_wconf 89' lang='lat' dir='ltr'><strong>pouit</strong></span> 
     </span>
     <span class='ocr_line' id='line_1_7' title="bbox 87 790 651 866; baseline -0.009 -15"><span class='ocrx_word' id='word_1_31' title='bbox 87 793 238 866; x_wconf 83' lang='lat' dir='ltr'>parabolas</span> <span class='ocrx_word' id='word_1_32' title='bbox 252 795 288 849; x_wconf 90' lang='lat' dir='ltr'><strong>ad</strong></span> <span class='ocrx_word' id='word_1_33' title='bbox 313 791 381 849; x_wconf 90' lang='lat' dir='ltr'><strong>istas</strong></span> <span class='ocrx_word' id='word_1_34' title='bbox 395 798 454 849; x_wconf 91' lang='lat' dir='ltr'><strong>tres</strong></span> <span class='ocrx_word' id='word_1_35' title='bbox 467 790 651 863; x_wconf 78' lang='lat' dir='ltr'><strong>pertinentes.</strong></span> 
     </span>
    </p>

    <p class='ocr_par' dir='ltr' id='par_1_3' title="bbox 84 866 672 1164">
     <span class='ocr_line' id='line_1_8' title="bbox 125 866 671 936; baseline -0.009 -14"><span class='ocrx_word' id='word_1_36' title='bbox 125 885 138 922; x_wconf 77' lang='lat' dir='ltr'><strong>a</strong></span> <span class='ocrx_word' id='word_1_37' title='bbox 156 866 437 936; x_wconf 78' lang='lat' dir='ltr'><strong>Panseomueusceu</strong></span> <span class='ocrx_word' id='word_1_38' title='bbox 451 880 671 920; x_wconf 81' lang='lat' dir='ltr'><strong>vtnotnraosses·</strong></span> 
     </span>
     <span class='ocr_line' id='line_1_9' title="bbox 87 952 669 995; baseline -0.009 0"><span class='ocrx_word' id='word_1_39' title='bbox 87 953 209 995; x_wconf 75' lang='lat' dir='ltr'><strong>cumaea</strong></span> <span class='ocrx_word' id='word_1_40' title='bbox 224 953 258 994; x_wconf 82' lang='lat' dir='ltr'><strong>ab</strong></span> <span class='ocrx_word' id='word_1_41' title='bbox 274 953 508 994; x_wconf 71' lang='lat' dir='ltr'><strong>consentientes</strong></span> <span class='ocrx_word' id='word_1_42' title='bbox 529 952 669 991; x_wconf 74' lang='lat' dir='ltr'><strong>suecrius.</strong></span> 
     </span>
     <span class='ocr_line' id='line_1_10' title="bbox 86 1006 672 1078; baseline -0.005 -12"><span class='ocrx_word' id='word_1_43' title='bbox 86 1039 117 1052; x_wconf 93' lang='lat'><em>-</em></span> <span class='ocrx_word' id='word_1_44' title='bbox 135 1008 231 1066; x_wconf 90' lang='lat' dir='ltr'><strong>Prima</strong></span> <span class='ocrx_word' id='word_1_45' title='bbox 244 1014 289 1066; x_wconf 91' lang='lat' dir='ltr'><strong>est</strong></span> <span class='ocrx_word' id='word_1_46' title='bbox 302 1009 338 1065; x_wconf 93' lang='lat' dir='ltr'><strong>de</strong></span> <span class='ocrx_word' id='word_1_47' title='bbox 350 1009 450 1065; x_wconf 90' lang='lat' dir='ltr'><strong>decem</strong></span> <span class='ocrx_word' id='word_1_48' title='bbox 458 1006 627 1078; x_wconf 74' lang='lat' dir='ltr'><strong>virginibus,</strong></span> <span class='ocrx_word' id='word_1_49' title='bbox 643 1010 672 1063; x_wconf 91' lang='lat' dir='ltr'><strong>et</strong></span> 
     </span>
     <span class='ocr_line' id='line_1_11' title="bbox 84 1076 672 1164; baseline -0.009 -26"><span class='ocrx_word' id='word_1_50' title='bbox 84 1080 209 1154; x_wconf 79' lang='lat' dir='ltr'><strong>pertinet</strong></span> <span class='ocrx_word' id='word_1_51' title='bbox 225 1080 387 1164; x_wconf 81' lang='lat' dir='ltr'><strong>specialiter</strong></span> <span class='ocrx_word' id='word_1_52' title='bbox 407 1080 444 1136; x_wconf 88' lang='lat' dir='ltr'><strong>ad</strong></span> <span class='ocrx_word' id='word_1_53' title='bbox 470 1076 672 1150; x_wconf 89' lang='lat' dir='ltr'><strong>contemplati·</strong></span> 
     </span>
    </p>
   </div>
   <div class='ocr_carea' id='block_1_3' title="bbox 2 1151 673 1224">
    <p class='ocr_par' dir='ltr' id='par_1_4' title="bbox 2 1151 673 1224">
     <span class='ocr_line' id='line_1_12' title="bbox 2 1151 673 1224; baseline -0.004 -15"><span class='ocrx_word' id='word_1_54' title='bbox 2 1213 3 1217; x_wconf 54' lang='grc'>,</span> <span class='ocrx_word' id='word_1_55' title='bbox 85 1168 146 1222; x_wconf 86' lang='lat' dir='ltr'><strong>tos,</strong></span> <span class='ocrx_word' id='word_1_56' title='bbox 162 1152 311 1224; x_wconf 79' lang='lat' dir='ltr'><strong>virginitas</strong></span> <span class='ocrx_word' id='word_1_57' title='bbox 333 1151 410 1209; x_wconf 90' lang='lat' dir='ltr'><strong>euim</strong></span> <span class='ocrx_word' id='word_1_58' title='bbox 434 1151 521 1208; x_wconf 85' lang='lat' dir='ltr'><strong>vitam</strong></span> <span class='ocrx_word' id='word_1_59' title='bbox 547 1159 673 1208; x_wconf 86' lang='lat' dir='ltr'><strong>coutem-</strong></span> 
     </span>
    </p>
   </div>
   <div class='ocr_carea' id='block_1_4' title="bbox 86 1222 680 2442">
    <p class='ocr_par' dir='ltr' id='par_1_5' title="bbox 86 1222 675 1727">
     <span class='ocr_line' id='line_1_13' title="bbox 86 1222 673 1300; baseline -0.007 -18"><span class='ocrx_word' id='word_1_60' title='bbox 86 1224 224 1300; x_wconf 86' lang='lat' dir='ltr'><strong>plativam</strong></span> <span class='ocrx_word' id='word_1_61' title='bbox 242 1224 393 1295; x_wconf 81' lang='lat' dir='ltr'><strong>siguificat,</strong></span> <span class='ocrx_word' id='word_1_62' title='bbox 411 1222 545 1295; x_wconf 90' lang='lat' dir='ltr'><strong>quoniam</strong></span> <span class='ocrx_word' id='word_1_63' title='bbox 559 1222 673 1279; x_wconf 89' lang='lat' dir='ltr'><strong>castitas</strong></span> 
     </span>
     <span class='ocr_line' id='line_1_14' title="bbox 87 1293 674 1358; baseline -0.009 -3"><span class='ocrx_word' id='word_1_64' title='bbox 87 1304 213 1355; x_wconf 88' lang='lat' dir='ltr'><strong>mentem</strong></span> <span class='ocrx_word' id='word_1_65' title='bbox 232 1313 250 1354; x_wconf 93' lang='lat' dir='ltr'><strong>a</strong></span> <span class='ocrx_word' id='word_1_66' title='bbox 270 1296 432 1354; x_wconf 91' lang='lat' dir='ltr'><strong>carnalibus</strong></span> <span class='ocrx_word' id='word_1_67' title='bbox 454 1296 556 1358; x_wconf 85' lang='lat' dir='ltr'><strong>elevat,</strong></span> <span class='ocrx_word' id='word_1_68' title='bbox 581 1302 610 1350; x_wconf 93' lang='lat' dir='ltr'><strong>et</strong></span> <span class='ocrx_word' id='word_1_69' title='bbox 634 1293 674 1350; x_wconf 90' lang='lat' dir='ltr'><strong>sic</strong></span> 
     </span>
     <span class='ocr_line' id='line_1_15' title="bbox 89 1366 673 1441; baseline -0.01 -14"><span class='ocrx_word' id='word_1_70' title='bbox 89 1370 126 1428; x_wconf 88' lang='lat' dir='ltr'><strong>ad</strong></span> <span class='ocrx_word' id='word_1_71' title='bbox 145 1369 413 1441; x_wconf 79' lang='lat' dir='ltr'><strong>contemplationem</strong></span> <span class='ocrx_word' id='word_1_72' title='bbox 432 1367 559 1424; x_wconf 83' lang='lat' dir='ltr'><strong>veritatis</strong></span> <span class='ocrx_word' id='word_1_73' title='bbox 578 1366 673 1438; x_wconf 92' lang='lat' dir='ltr'><strong>dispo-</strong></span> 
     </span>
     <span class='ocr_line' id='line_1_16' title="bbox 89 1436 672 1510; baseline -0.009 -12"><span class='ocrx_word' id='word_1_74' title='bbox 89 1441 152 1510; x_wconf 88' lang='lat' dir='ltr'><strong>uit;</strong></span> <span class='ocrx_word' id='word_1_75' title='bbox 180 1457 314 1498; x_wconf 90' lang='lat' dir='ltr'><strong>uumerus</strong></span> <span class='ocrx_word' id='word_1_76' title='bbox 333 1448 428 1498; x_wconf 89' lang='lat' dir='ltr'><strong>autern</strong></span> <span class='ocrx_word' id='word_1_77' title='bbox 452 1439 585 1495; x_wconf 89' lang='lat' dir='ltr'><strong>denarius</strong></span> <span class='ocrx_word' id='word_1_78' title='bbox 613 1436 672 1494; x_wconf 92' lang='lat' dir='ltr'><strong>uni·</strong></span> 
     </span>
     <span class='ocr_line' id='line_1_17' title="bbox 88 1509 673 1584; baseline -0.007 -16"><span class='ocrx_word' id='word_1_79' title='bbox 88 1512 253 1569; x_wconf 85' lang='lat' dir='ltr'><strong>versitatem</strong></span> <span class='ocrx_word' id='word_1_80' title='bbox 273 1510 559 1584; x_wconf 85' lang='lat' dir='ltr'><strong>contemplativorum</strong></span> <span class='ocrx_word' id='word_1_81' title='bbox 577 1509 673 1581; x_wconf 88' lang='lat' dir='ltr'><strong>sigui-</strong></span> 
     </span>
     <span class='ocr_line' id='line_1_18' title="bbox 89 1581 674 1654; baseline -0.005 -14"><span class='ocrx_word' id='word_1_82' title='bbox 89 1584 166 1650; x_wconf 86' lang='lat' dir='ltr'><strong>ficat,</strong></span> <span class='ocrx_word' id='word_1_83' title='bbox 183 1586 250 1654; x_wconf 79' lang='lat' dir='ltr'><strong>quia</strong></span> <span class='ocrx_word' id='word_1_84' title='bbox 268 1582 378 1639; x_wconf 80' lang='lat' dir='ltr'><strong>numeri</strong></span> <span class='ocrx_word' id='word_1_85' title='bbox 399 1584 491 1640; x_wconf 86' lang='lat' dir='ltr'><strong>solum</strong></span> <span class='ocrx_word' id='word_1_86' title='bbox 520 1598 610 1652; x_wconf 82' lang='lat' dir='ltr'><strong>usque</strong></span> <span class='ocrx_word' id='word_1_87' title='bbox 637 1581 674 1637; x_wconf 92' lang='lat' dir='ltr'><strong>ad</strong></span> 
     </span>
     <span class='ocr_line' id='line_1_19' title="bbox 90 1653 675 1727; baseline -0.009 -15"><span class='ocrx_word' id='word_1_88' title='bbox 90 1655 190 1712; x_wconf 92' lang='lat' dir='ltr'><strong>decem</strong></span> <span class='ocrx_word' id='word_1_89' title='bbox 218 1655 392 1727; x_wconf 84' lang='lat' dir='ltr'><strong>procedunt:</strong></span> <span class='ocrx_word' id='word_1_90' title='bbox 422 1654 476 1721; x_wconf 84' lang='lat' dir='ltr'><strong>vel,</strong></span> <span class='ocrx_word' id='word_1_91' title='bbox 496 1653 594 1710; x_wconf 81' lang='lat' dir='ltr'><strong>decem</strong></span> <span class='ocrx_word' id='word_1_92' title='bbox 611 1670 675 1722; x_wconf 90' lang='lat' dir='ltr'><strong>pro-</strong></span> 
     </span>
    </p>

    <p class='ocr_par' dir='ltr' id='par_1_6' title="bbox 89 1723 680 2442">
     <span class='ocr_line' id='line_1_20' title="bbox 112 1723 677 1797; baseline -0.004 -15"><span class='ocrx_word' id='word_1_93' title='bbox 112 1733 155 1782; x_wconf 90' lang='lat' dir='ltr'><strong>ter</strong></span> <span class='ocrx_word' id='word_1_94' title='bbox 167 1741 286 1797; x_wconf 90' lang='lat' dir='ltr'><strong>operum</strong></span> <span class='ocrx_word' id='word_1_95' title='bbox 302 1725 383 1797; x_wconf 82' lang='lat' dir='ltr'><strong>Legis</strong></span> <span class='ocrx_word' id='word_1_96' title='bbox 397 1723 616 1781; x_wconf 85' lang='lat' dir='ltr'><strong>observantiam.</strong></span> <span class='ocrx_word' id='word_1_97' title='bbox 632 1723 677 1780; x_wconf 87' lang='lat' dir='ltr'><strong>Ni-</strong></span> 
     </span>
     <span class='ocr_line' id='line_1_21' title="bbox 89 1742 676 1870; baseline -0.007 -14"><span class='ocrx_word' id='word_1_98' title='bbox 89 1742 245 1856; x_wconf 58' lang='lat' dir='ltr'><strong>Eilotniuus</strong></span> <span class='ocrx_word' id='word_1_99' title='bbox 260 1803 355 1854; x_wconf 84' lang='lat' dir='ltr'><strong>tamen</strong></span> <span class='ocrx_word' id='word_1_100' title='bbox 369 1797 405 1852; x_wconf 92' lang='lat' dir='ltr'><strong>ad</strong></span> <span class='ocrx_word' id='word_1_101' title='bbox 423 1813 507 1853; x_wconf 91' lang='lat' dir='ltr'><strong>omne</strong></span> <span class='ocrx_word' id='word_1_102' title='bbox 522 1813 612 1870; x_wconf 81' lang='lat' dir='ltr'><strong>genus</strong></span> <span class='ocrx_word' id='word_1_103' title='bbox 628 1797 676 1853; x_wconf 88' lang='lat' dir='ltr'><strong>bo-</strong></span> 
     </span>
     <span class='ocr_line' id='line_1_22' title="bbox 91 1868 673 1942; baseline -0.007 -14"><span class='ocrx_word' id='word_1_104' title='bbox 91 1869 201 1928; x_wconf 90' lang='lat' dir='ltr'><strong>minum</strong></span> <span class='ocrx_word' id='word_1_105' title='bbox 214 1875 307 1942; x_wconf 92' lang='lat' dir='ltr'><strong>potest</strong></span> <span class='ocrx_word' id='word_1_106' title='bbox 320 1871 381 1926; x_wconf 85' lang='lat' dir='ltr'><strong>baec</strong></span> <span class='ocrx_word' id='word_1_107' title='bbox 396 1870 531 1942; x_wconf 91' lang='lat' dir='ltr'><strong>parabola</strong></span> <span class='ocrx_word' id='word_1_108' title='bbox 549 1868 648 1924; x_wconf 90' lang='lat' dir='ltr'><strong>relerri</strong></span> <span class='ocrx_word' id='word_1_109' title='bbox 667 1885 673 1924; x_wconf 93' lang='lat'><strong>:</strong></span> 
     </span>
     <span class='ocr_line' id='line_1_23' title="bbox 91 1940 675 2014; baseline -0.007 -14"><span class='ocrx_word' id='word_1_110' title='bbox 91 1940 675 2014; x_wconf 86' lang='lat' dir='ltr'><strong>etprimocircatitamcoutemplantium,</strong></span> 
     </span>
     <span class='ocr_line' id='line_1_24' title="bbox 91 2012 677 2086; baseline -0.009 -13"><span class='ocrx_word' id='word_1_111' title='bbox 91 2020 119 2073; x_wconf 87' lang='lat' dir='ltr'><strong>el</strong></span> <span class='ocrx_word' id='word_1_112' title='bbox 135 2022 342 2086; x_wconf 82' lang='lat' dir='ltr'><strong>cousequenter</strong></span> <span class='ocrx_word' id='word_1_113' title='bbox 352 2013 436 2070; x_wconf 88' lang='lat' dir='ltr'><strong>etiarn</strong></span> <span class='ocrx_word' id='word_1_114' title='bbox 449 2013 584 2081; x_wconf 90' lang='lat' dir='ltr'><strong>aliorum,</strong></span> <span class='ocrx_word' id='word_1_115' title='bbox 598 2012 677 2084; x_wconf 91' lang='lat' dir='ltr'><strong>poui-</strong></span> 
     </span>
     <span class='ocr_line' id='line_1_25' title="bbox 91 2086 675 2154; baseline -0.005 -11"><span class='ocrx_word' id='word_1_116' title='bbox 91 2091 137 2143; x_wconf 91' lang='lat' dir='ltr'><strong>tur</strong></span> <span class='ocrx_word' id='word_1_117' title='bbox 151 2090 282 2143; x_wconf 91' lang='lat' dir='ltr'><strong>meritum</strong></span> <span class='ocrx_word' id='word_1_118' title='bbox 298 2099 325 2142; x_wconf 93' lang='lat' dir='ltr'><strong>et</strong></span> <span class='ocrx_word' id='word_1_119' title='bbox 336 2086 507 2143; x_wconf 90' lang='lat' dir='ltr'><strong>demeritum</strong></span> <span class='ocrx_word' id='word_1_120' title='bbox 520 2104 527 2154; x_wconf 89' lang='lat'>;</span> <span class='ocrx_word' id='word_1_121' title='bbox 540 2086 675 2152; x_wconf 78' lang='lat' dir='ltr'><strong>secundo,</strong></span> 
     </span>
     <span class='ocr_line' id='line_1_26' title="bbox 91 2156 677 2228; baseline -0.007 -14"><span class='ocrx_word' id='word_1_122' title='bbox 91 2157 307 2214; x_wconf 83' lang='lat' dir='ltr'><strong>examinationis</strong></span> <span class='ocrx_word' id='word_1_123' title='bbox 315 2157 464 2228; x_wconf 91' lang='lat' dir='ltr'><strong>jndicium.</strong></span> <span class='ocrx_word' id='word_1_124' title='bbox 474 2157 558 2227; x_wconf 87' lang='lat' dir='ltr'><strong>Optat</strong></span> <span class='ocrx_word' id='word_1_125' title='bbox 573 2156 677 2227; x_wconf 87' lang='lat' dir='ltr'><strong>quippe</strong></span> 
     </span>
     <span class='ocr_line' id='line_1_27' title="bbox 92 2228 676 2298; baseline -0.007 -11"><span class='ocrx_word' id='word_1_126' title='bbox 92 2229 231 2287; x_wconf 85' lang='lat' dir='ltr'><strong>Dominus</strong></span> <span class='ocrx_word' id='word_1_127' title='bbox 254 2236 285 2284; x_wconf 94' lang='lat' dir='ltr'><strong>ut</strong></span> <span class='ocrx_word' id='word_1_128' title='bbox 301 2245 364 2298; x_wconf 91' lang='lat' dir='ltr'><strong>nos,</strong></span> <span class='ocrx_word' id='word_1_129' title='bbox 383 2228 581 2294; x_wconf 86' lang='lat' dir='ltr'><strong>cumvenerit,</strong></span> <span class='ocrx_word' id='word_1_130' title='bbox 599 2228 676 2283; x_wconf 82' lang='lat' dir='ltr'><strong>inre·</strong></span> 
     </span>
     <span class='ocr_line' id='line_1_28' title="bbox 91 2300 678 2370; baseline -0.007 -12"><span class='ocrx_word' id='word_1_131' title='bbox 91 2300 153 2359; x_wconf 89' lang='lat' dir='ltr'><strong>nial</strong></span> <span class='ocrx_word' id='word_1_132' title='bbox 171 2307 354 2370; x_wconf 85' lang='lat' dir='ltr'><strong>praeparatos,</strong></span> <span class='ocrx_word' id='word_1_133' title='bbox 379 2304 408 2353; x_wconf 90' lang='lat' dir='ltr'><strong>et</strong></span> <span class='ocrx_word' id='word_1_134' title='bbox 423 2315 488 2354; x_wconf 91' lang='lat' dir='ltr'><strong>cnm</strong></span> <span class='ocrx_word' id='word_1_135' title='bbox 503 2315 536 2355; x_wconf 92' lang='lat' dir='ltr'><strong>eo</strong></span> <span class='ocrx_word' id='word_1_136' title='bbox 558 2300 678 2370; x_wconf 90' lang='lat' dir='ltr'><strong>januam</strong></span> 
     </span>
     <span class='ocr_line' id='line_1_29' title="bbox 93 2370 680 2442; baseline -0.003 -13"><span class='ocrx_word' id='word_1_137' title='bbox 93 2370 215 2430; x_wconf 81' lang='lat' dir='ltr'><strong>coelestis</strong></span> <span class='ocrx_word' id='word_1_138' title='bbox 231 2370 309 2442; x_wconf 82' lang='lat' dir='ltr'><strong>regui</strong></span> <span class='ocrx_word' id='word_1_139' title='bbox 326 2373 473 2436; x_wconf 90' lang='lat' dir='ltr'><strong>intremus,</strong></span> <span class='ocrx_word' id='word_1_140' title='bbox 490 2375 566 2426; x_wconf 90' lang='lat' dir='ltr'><strong>etue</strong></span> <span class='ocrx_word' id='word_1_141' title='bbox 581 2372 680 2428; x_wconf 61' lang='lat' dir='ltr'><strong>caelu-¹</strong></span> 
     </span>
    </p>
   </div>
   <div class='ocr_carea' id='block_1_5' title="bbox 4 2441 677 2510">
    <p class='ocr_par' dir='ltr' id='par_1_7' title="bbox 4 2441 677 2510">
     <span class='ocr_line' id='line_1_30' title="bbox 4 2441 677 2510; baseline -0.004 -9"><span class='ocrx_word' id='word_1_142' title='bbox 4 2449 7 2453; x_wconf 77' lang='grc'>’</span> <span class='ocrx_word' id='word_1_143' title='bbox 93 2441 677 2510; x_wconf 81' lang='lat' dir='ltr'><strong>damurimprovidentialatuilatis,etno·</strong></span> 
     </span>
    </p>
   </div>
   <div class='ocr_carea' id='block_1_6' title="bbox 86 2513 681 4382">
    <p class='ocr_par' dir='ltr' id='par_1_8' title="bbox 86 2513 681 4166">
     <span class='ocr_line' id='line_1_31' title="bbox 92 2513 678 2586; baseline -0.005 -12"><span class='ocrx_word' id='word_1_144' title='bbox 92 2516 136 2575; x_wconf 90' lang='lat' dir='ltr'><strong>bis</strong></span> <span class='ocrx_word' id='word_1_145' title='bbox 154 2514 301 2571; x_wconf 89' lang='lat' dir='ltr'><strong>claudatur</strong></span> <span class='ocrx_word' id='word_1_146' title='bbox 312 2514 401 2585; x_wconf 87' lang='lat' dir='ltr'><strong>janua</strong></span> <span class='ocrx_word' id='word_1_147' title='bbox 418 2513 518 2586; x_wconf 91' lang='lat' dir='ltr'><strong>Spousi</strong></span> <span class='ocrx_word' id='word_1_148' title='bbox 533 2514 678 2585; x_wconf 76' lang='lat' dir='ltr'><strong>coelestis,</strong></span> 
     </span>
     <span class='ocr_line' id='line_1_32' title="bbox 93 2585 678 2659; baseline -0.009 -12"><span class='ocrx_word' id='word_1_149' title='bbox 93 2586 170 2647; x_wconf 90' lang='lat' dir='ltr'><strong>uude</strong></span> <span class='ocrx_word' id='word_1_150' title='bbox 183 2585 300 2658; x_wconf 81' lang='lat' dir='ltr'><strong>vigilare</strong></span> <span class='ocrx_word' id='word_1_151' title='bbox 315 2590 437 2659; x_wconf 84' lang='lat' dir='ltr'><strong>oportet,</strong></span> <span class='ocrx_word' id='word_1_152' title='bbox 452 2585 519 2657; x_wconf 88' lang='lat' dir='ltr'><strong>quia</strong></span> <span class='ocrx_word' id='word_1_153' title='bbox 535 2586 678 2643; x_wconf 90' lang='lat' dir='ltr'><strong>nescimus</strong></span> 
     </span>
     <span class='ocr_line' id='line_1_33' title="bbox 86 2657 679 2733; baseline -0.002 -17"><span class='ocrx_word' id='word_1_154' title='bbox 86 2659 207 2733; x_wconf 78' lang='lat' dir='ltr'><strong>spuendo</strong></span> <span class='ocrx_word' id='word_1_155' title='bbox 223 2661 350 2731; x_wconf 88' lang='lat' dir='ltr'><strong>Sponsus</strong></span> <span class='ocrx_word' id='word_1_156' title='bbox 374 2657 479 2715; x_wconf 90' lang='lat' dir='ltr'><strong>veniet.</strong></span> <span class='ocrx_word' id='word_1_157' title='bbox 509 2660 542 2714; x_wconf 86' lang='lat' dir='ltr'><strong>Et</strong></span> <span class='ocrx_word' id='word_1_158' title='bbox 566 2674 616 2714; x_wconf 87' lang='lat' dir='ltr'><strong>eur</strong></span> <span class='ocrx_word' id='word_1_159' title='bbox 642 2662 679 2715; x_wconf 90' lang='lat' dir='ltr'><strong>sit</strong></span> 
     </span>
     <span class='ocr_line' id='line_1_34' title="bbox 92 2730 677 2858; baseline -0.007 -68"><span class='ocrx_word' id='word_1_160' title='bbox 92 2747 164 2805; x_wconf 88' lang='lat' dir='ltr'><strong>opus</strong></span> <span class='ocrx_word' id='word_1_161' title='bbox 176 2730 305 2858; x_wconf 48' lang='lat' dir='ltr'><strong>vlffiilare,</strong></span> <span class='ocrx_word' id='word_1_162' title='bbox 322 2730 413 2793; x_wconf 86' lang='lat' dir='ltr'><strong>docet,</strong></span> <span class='ocrx_word' id='word_1_163' title='bbox 430 2735 458 2786; x_wconf 91' lang='lat' dir='ltr'><strong>et</strong></span> <span class='ocrx_word' id='word_1_164' title='bbox 472 2730 508 2786; x_wconf 93' lang='lat' dir='ltr'><strong>ad</strong></span> <span class='ocrx_word' id='word_1_165' title='bbox 524 2731 577 2787; x_wconf 86' lang='lat' dir='ltr'><strong>boe</strong></span> <span class='ocrx_word' id='word_1_166' title='bbox 593 2745 677 2802; x_wconf 83' lang='lat' dir='ltr'><strong>para·</strong></span> 
     </span>
     <span class='ocr_line' id='line_1_35' title="bbox 92 2800 675 2874; baseline -0.005 -14"><span class='ocrx_word' id='word_1_167' title='bbox 92 2804 188 2860; x_wconf 86' lang='lat' dir='ltr'><strong>bolam</strong></span> <span class='ocrx_word' id='word_1_168' title='bbox 225 2819 241 2859; x_wconf 92' lang='lat' dir='ltr'><strong>e</strong></span> <span class='ocrx_word' id='word_1_169' title='bbox 264 2803 362 2859; x_wconf 91' lang='lat' dir='ltr'><strong>decem</strong></span> <span class='ocrx_word' id='word_1_170' title='bbox 383 2801 541 2874; x_wconf 82' lang='lat' dir='ltr'><strong>virginibus</strong></span> <span class='ocrx_word' id='word_1_171' title='bbox 559 2800 675 2858; x_wconf 87' lang='lat' dir='ltr'><strong>inducit..</strong></span> 
     </span>
     <span class='ocr_line' id='line_1_36' title="bbox 90 2873 677 2943; baseline -0.01 -9"><span class='ocrx_word' id='word_1_172' title='bbox 90 2877 188 2934; x_wconf 79' lang='lat' dir='ltr'><strong>Simile</strong></span> <span class='ocrx_word' id='word_1_173' title='bbox 207 2878 259 2930; x_wconf 88' lang='lat' dir='ltr'><strong>erit</strong></span> <span class='ocrx_word' id='word_1_174' title='bbox 283 2891 397 2943; x_wconf 75' lang='lat' dir='ltr'><strong>repnum</strong></span> <span class='ocrx_word' id='word_1_175' title='bbox 421 2875 562 2941; x_wconf 80' lang='lat' dir='ltr'><strong>celorum,</strong></span> <span class='ocrx_word' id='word_1_176' title='bbox 587 2873 677 2930; x_wconf 88' lang='lat' dir='ltr'><strong>idest</strong></span> 
     </span>
     <span class='ocr_line' id='line_1_37' title="bbox 91 2943 676 3020; baseline -0.005 -17"><span class='ocrx_word' id='word_1_177' title='bbox 91 2962 220 3020; x_wconf 78' lang='lat' dir='ltr'><strong>praeseus</strong></span> <span class='ocrx_word' id='word_1_178' title='bbox 234 2945 360 3003; x_wconf 84' lang='lat' dir='ltr'><strong>Ecclesia</strong></span> <span class='ocrx_word' id='word_1_179' title='bbox 372 2945 495 3001; x_wconf 81' lang='lat' dir='ltr'><strong>militans</strong></span> <span class='ocrx_word' id='word_1_180' title='bbox 504 2943 676 3013; x_wconf 87' lang='lat' dir='ltr'><strong>specialiter,</strong></span> 
     </span>
     <span class='ocr_line' id='line_1_38' title="bbox 90 3015 677 3092; baseline -0.005 -17"><span class='ocrx_word' id='word_1_181' title='bbox 90 3025 229 3092; x_wconf 87' lang='lat' dir='ltr'><strong>quantum</strong></span> <span class='ocrx_word' id='word_1_182' title='bbox 242 3018 277 3073; x_wconf 87' lang='lat' dir='ltr'><strong>ad</strong></span> <span class='ocrx_word' id='word_1_183' title='bbox 292 3024 397 3074; x_wconf 90' lang='lat' dir='ltr'><strong>statum</strong></span> <span class='ocrx_word' id='word_1_184' title='bbox 411 3015 677 3089; x_wconf 83' lang='lat' dir='ltr'><strong>contemplantium,</strong></span> 
     </span>
     <span class='ocr_line' id='line_1_39' title="bbox 93 3088 678 3161; baseline -0.005 -14"><span class='ocrx_word' id='word_1_185' title='bbox 93 3088 313 3147; x_wconf 86' lang='lat' dir='ltr'><strong>etnibilomiuus</strong></span> <span class='ocrx_word' id='word_1_186' title='bbox 323 3095 459 3161; x_wconf 81' lang='lat' dir='ltr'><strong>quantum</strong></span> <span class='ocrx_word' id='word_1_187' title='bbox 470 3090 505 3145; x_wconf 89' lang='lat' dir='ltr'><strong>ad</strong></span> <span class='ocrx_word' id='word_1_188' title='bbox 515 3096 619 3146; x_wconf 88' lang='lat' dir='ltr'><strong>statum</strong></span> <span class='ocrx_word' id='word_1_189' title='bbox 630 3088 678 3145; x_wconf 91' lang='lat' dir='ltr'><strong>ali·</strong></span> 
     </span>
     <span class='ocr_line' id='line_1_40' title="bbox 92 3160 677 3230; baseline -0.005 -12"><span class='ocrx_word' id='word_1_190' title='bbox 92 3160 677 3230; x_wconf 84' lang='lat' dir='ltr'><strong>orutn,decemoirpinibus,scilicetcouti-</strong></span> 
     </span>
     <span class='ocr_line' id='line_1_41' title="bbox 93 3232 678 3304; baseline -0.002 -15"><span class='ocrx_word' id='word_1_191' title='bbox 93 3232 237 3289; x_wconf 90' lang='lat' dir='ltr'><strong>uentibus.</strong></span> <span class='ocrx_word' id='word_1_192' title='bbox 248 3235 374 3304; x_wconf 81' lang='lat' dir='ltr'><strong>Quinque</strong></span> <span class='ocrx_word' id='word_1_193' title='bbox 390 3241 481 3288; x_wconf 85' lang='lat' dir='ltr'><strong>autem</strong></span> <span class='ocrx_word' id='word_1_194' title='bbox 495 3250 529 3289; x_wconf 88' lang='lat' dir='ltr'><strong>ete</strong></span> <span class='ocrx_word' id='word_1_195' title='bbox 545 3235 584 3288; x_wconf 86' lang='lat' dir='ltr'><strong>eis</strong></span> <span class='ocrx_word' id='word_1_196' title='bbox 599 3239 678 3288; x_wconf 85' lang='lat' dir='ltr'><strong>erant</strong></span> 
     </span>
     <span class='ocr_line' id='line_1_42' title="bbox 93 3303 678 3375; baseline 0.002 -16"><span class='ocrx_word' id='word_1_197' title='bbox 93 3306 190 3372; x_wconf 71' lang='lat' dir='ltr'><strong>solua,</strong></span> <span class='ocrx_word' id='word_1_198' title='bbox 202 3304 268 3375; x_wconf 92' lang='lat' dir='ltr'><strong>quia</strong></span> <span class='ocrx_word' id='word_1_199' title='bbox 283 3303 400 3360; x_wconf 80' lang='lat' dir='ltr'><strong>vanitati</strong></span> <span class='ocrx_word' id='word_1_200' title='bbox 411 3304 678 3375; x_wconf 80' lang='lat' dir='ltr'><strong>quinquesensunm</strong></span> 
     </span>
     <span class='ocr_line' id='line_1_43' title="bbox 95 3374 680 3500; baseline 0.003 -70"><span class='ocrx_word' id='word_1_201' title='bbox 95 3374 266 3443; x_wconf 88' lang='lat' dir='ltr'><strong>servierunt,</strong></span> <span class='ocrx_word' id='word_1_202' title='bbox 282 3380 310 3430; x_wconf 90' lang='lat' dir='ltr'><strong>et</strong></span> <span class='ocrx_word' id='word_1_203' title='bbox 328 3391 415 3500; x_wconf 58' lang='lat' dir='ltr'><strong>ugera</strong></span> <span class='ocrx_word' id='word_1_204' title='bbox 433 3392 484 3431; x_wconf 90' lang='lat' dir='ltr'><strong>sua</strong></span> <span class='ocrx_word' id='word_1_205' title='bbox 498 3376 618 3432; x_wconf 89' lang='lat' dir='ltr'><strong>bonade</strong></span> <span class='ocrx_word' id='word_1_206' title='bbox 632 3391 680 3446; x_wconf 85' lang='lat' dir='ltr'><strong>ge-</strong></span> 
     </span>
     <span class='ocr_line' id='line_1_44' title="bbox 95 3444 679 3512; baseline 0 -10"><span class='ocrx_word' id='word_1_207' title='bbox 95 3461 175 3512; x_wconf 80' lang='lat' dir='ltr'><strong>uere,¹</strong></span> <span class='ocrx_word' id='word_1_208' title='bbox 193 3460 251 3499; x_wconf 91' lang='lat' dir='ltr'><strong>uon</strong></span> <span class='ocrx_word' id='word_1_209' title='bbox 279 3444 315 3500; x_wconf 93' lang='lat' dir='ltr'><strong>ad</strong></span> <span class='ocrx_word' id='word_1_210' title='bbox 367 3461 430 3501; x_wconf 91' lang='lat' dir='ltr'><strong>nem</strong></span> <span class='ocrx_word' id='word_1_211' title='bbox 460 3446 586 3502; x_wconf 91' lang='lat' dir='ltr'><strong>debiturn</strong></span> <span class='ocrx_word' id='word_1_212' title='bbox 603 3446 679 3502; x_wconf 90' lang='lat' dir='ltr'><strong>ordi·</strong></span> 
     </span>
     <span class='ocr_line' id='line_1_45' title="bbox 94 3515 680 3588; baseline -0.002 -14"><span class='ocrx_word' id='word_1_213' title='bbox 94 3521 207 3584; x_wconf 89' lang='lat' dir='ltr'><strong>nautes,</strong></span> <span class='ocrx_word' id='word_1_214' title='bbox 227 3516 372 3586; x_wconf 88' lang='lat' dir='ltr'><strong>propriam</strong></span> <span class='ocrx_word' id='word_1_215' title='bbox 396 3515 528 3588; x_wconf 82' lang='lat' dir='ltr'><strong>gloriam,</strong></span> <span class='ocrx_word' id='word_1_216' title='bbox 546 3523 575 3572; x_wconf 91' lang='lat' dir='ltr'><strong>et</strong></span> <span class='ocrx_word' id='word_1_217' title='bbox 595 3519 680 3573; x_wconf 86' lang='lat' dir='ltr'><strong>laro-</strong></span> 
     </span>
     <span class='ocr_line' id='line_1_46' title="bbox 94 3586 681 3658; baseline -0.002 -13"><span class='ocrx_word' id='word_1_218' title='bbox 94 3604 167 3652; x_wconf 88' lang='lat' dir='ltr'><strong>rem,</strong></span> <span class='ocrx_word' id='word_1_219' title='bbox 182 3603 233 3642; x_wconf 87' lang='lat' dir='ltr'><strong>seu</strong></span> <span class='ocrx_word' id='word_1_220' title='bbox 247 3588 358 3642; x_wconf 87' lang='lat' dir='ltr'><strong>laudem</strong></span> <span class='ocrx_word' id='word_1_221' title='bbox 370 3586 526 3655; x_wconf 87' lang='lat' dir='ltr'><strong>bominum,</strong></span> <span class='ocrx_word' id='word_1_222' title='bbox 543 3589 586 3644; x_wconf 85' lang='lat' dir='ltr'><strong>vel</strong></span> <span class='ocrx_word' id='word_1_223' title='bbox 604 3604 681 3658; x_wconf 78' lang='lat' dir='ltr'><strong>qua-</strong></span> 
     </span>
     <span class='ocr_line' id='line_1_47' title="bbox 95 3657 677 3731; baseline -0.007 -12"><span class='ocrx_word' id='word_1_224' title='bbox 95 3666 170 3719; x_wconf 90' lang='lat' dir='ltr'><strong>stum</strong></span> <span class='ocrx_word' id='word_1_225' title='bbox 182 3657 374 3731; x_wconf 84' lang='lat' dir='ltr'><strong>principaliter</strong></span> <span class='ocrx_word' id='word_1_226' title='bbox 383 3657 412 3714; x_wconf 91' lang='lat' dir='ltr'><strong>iu</strong></span> <span class='ocrx_word' id='word_1_227' title='bbox 423 3661 464 3714; x_wconf 91' lang='lat' dir='ltr'><strong>eis</strong></span> <span class='ocrx_word' id='word_1_228' title='bbox 473 3657 657 3716; x_wconf 88' lang='lat' dir='ltr'><strong>intenderunt</strong></span> <span class='ocrx_word' id='word_1_229' title='bbox 670 3678 677 3730; x_wconf 87' lang='lat'>;</span> 
     </span>
     <span class='ocr_line' id='line_1_48' title="bbox 95 3731 677 3805; baseline -0.003 -14"><span class='ocrx_word' id='word_1_230' title='bbox 95 3739 122 3791; x_wconf 87' lang='lat' dir='ltr'><strong>el</strong></span> <span class='ocrx_word' id='word_1_231' title='bbox 149 3735 270 3805; x_wconf 83' lang='lat' dir='ltr'><strong>quinque</strong></span> <span class='ocrx_word' id='word_1_232' title='bbox 300 3731 459 3802; x_wconf 86' lang='lat' dir='ltr'><strong>prudentes,</strong></span> <span class='ocrx_word' id='word_1_233' title='bbox 479 3731 546 3802; x_wconf 92' lang='lat' dir='ltr'><strong>quia</strong></span> <span class='ocrx_word' id='word_1_234' title='bbox 565 3731 677 3789; x_wconf 88' lang='lat' dir='ltr'><strong>veritati</strong></span> 
     </span>
     <span class='ocr_line' id='line_1_49' title="bbox 117 3802 681 3887; baseline -0.002 -25"><span class='ocrx_word' id='word_1_235' title='bbox 117 3821 148 3862; x_wconf 91' lang='lat' dir='ltr'><strong>ro</strong></span> <span class='ocrx_word' id='word_1_236' title='bbox 166 3802 280 3862; x_wconf 85' lang='lat' dir='ltr'><strong>aeleruis</strong></span> <span class='ocrx_word' id='word_1_237' title='bbox 297 3802 465 3866; x_wconf 86' lang='lat' dir='ltr'><strong>servierunt,</strong></span> <span class='ocrx_word' id='word_1_238' title='bbox 486 3809 515 3859; x_wconf 93' lang='lat' dir='ltr'><strong>et</strong></span> <span class='ocrx_word' id='word_1_239' title='bbox 529 3820 616 3887; x_wconf 86' lang='lat' dir='ltr'><strong>opera</strong></span> <span class='ocrx_word' id='word_1_240' title='bbox 629 3820 681 3861; x_wconf 89' lang='lat' dir='ltr'><strong>sua</strong></span> 
     </span>
     <span class='ocr_line' id='line_1_50' title="bbox 94 3822 679 3943; baseline -0.005 -7"><span class='ocrx_word' id='word_1_241' title='bbox 94 3822 171 3937; x_wconf 61' lang='lat' dir='ltr'><strong>Bona</strong></span> <span class='ocrx_word' id='word_1_242' title='bbox 192 3875 228 3933; x_wconf 89' lang='lat' dir='ltr'><strong>ad</strong></span> <span class='ocrx_word' id='word_1_243' title='bbox 252 3877 338 3933; x_wconf 85' lang='lat' dir='ltr'><strong>finem</strong></span> <span class='ocrx_word' id='word_1_244' title='bbox 362 3873 499 3943; x_wconf 86' lang='lat' dir='ltr'><strong>debitum,</strong></span> <span class='ocrx_word' id='word_1_245' title='bbox 516 3876 623 3933; x_wconf 86' lang='lat' dir='ltr'><strong>seilicet</strong></span> <span class='ocrx_word' id='word_1_246' title='bbox 643 3877 679 3933; x_wconf 88' lang='lat' dir='ltr'><strong>ad</strong></span> 
     </span>
     <span class='ocr_line' id='line_1_51' title="bbox 94 3945 679 4077; baseline 0 -73"><span class='ocrx_word' id='word_1_247' title='bbox 94 3947 214 4077; x_wconf 43' lang='lat' dir='ltr'><strong>{lectam</strong></span> <span class='ocrx_word' id='word_1_248' title='bbox 230 3947 279 4005; x_wconf 86' lang='lat' dir='ltr'><strong>Dei</strong></span> <span class='ocrx_word' id='word_1_249' title='bbox 299 3945 504 4020; x_wconf 87' lang='lat' dir='ltr'><strong>principaliter,</strong></span> <span class='ocrx_word' id='word_1_250' title='bbox 523 3952 550 4004; x_wconf 91' lang='lat' dir='ltr'><strong>et</strong></span> <span class='ocrx_word' id='word_1_251' title='bbox 567 3949 603 4005; x_wconf 90' lang='lat' dir='ltr'><strong>ad</strong></span> <span class='ocrx_word' id='word_1_252' title='bbox 618 3964 679 4021; x_wconf 90' lang='lat' dir='ltr'><strong>per·</strong></span> 
     </span>
     <span class='ocr_line' id='line_1_52' title="bbox 107 4016 679 4089; baseline -0.002 -11"><span class='ocrx_word' id='word_1_253' title='bbox 107 4020 246 4078; x_wconf 89' lang='lat' dir='ltr'><strong>ectlonem</strong></span> <span class='ocrx_word' id='word_1_254' title='bbox 270 4019 324 4089; x_wconf 89' lang='lat' dir='ltr'><strong>sui,</strong></span> <span class='ocrx_word' id='word_1_255' title='bbox 342 4025 369 4077; x_wconf 90' lang='lat' dir='ltr'><strong>et</strong></span> <span class='ocrx_word' id='word_1_256' title='bbox 397 4018 434 4076; x_wconf 92' lang='lat' dir='ltr'><strong>ad</strong></span> <span class='ocrx_word' id='word_1_257' title='bbox 461 4016 679 4077; x_wconf 74' lang='lat' dir='ltr'><strong>edificationem</strong></span> 
     </span>
     <span class='ocr_line' id='line_1_53' title="bbox 95 4090 678 4166; baseline 0 -18"><span class='ocrx_word' id='word_1_258' title='bbox 95 4091 215 4166; x_wconf 83' lang='lat' dir='ltr'><strong>proximi</strong></span> <span class='ocrx_word' id='word_1_259' title='bbox 235 4095 452 4164; x_wconf 89' lang='lat' dir='ltr'><strong>consequenter,</strong></span> <span class='ocrx_word' id='word_1_260' title='bbox 466 4090 678 4148; x_wconf 87' lang='lat' dir='ltr'><strong>ordinaverunt.</strong></span> 
     </span>
    </p>

    <p class='ocr_par' dir='ltr' id='par_1_9' title="bbox 98 4164 678 4382">
     <span class='ocr_line' id='line_1_54' title="bbox 133 4164 677 4222; baseline -0.002 -1"><span class='ocrx_word' id='word_1_261' title='bbox 133 4167 149 4221; x_wconf 81' lang='grc' dir='ltr'>ὅ</span> <span class='ocrx_word' id='word_1_262' title='bbox 174 4165 222 4221; x_wconf 91' lang='lat' dir='ltr'><strong>Hts</strong></span> <span class='ocrx_word' id='word_1_263' title='bbox 248 4181 401 4222; x_wconf 86' lang='lat' dir='ltr'><strong>rtnetutaos</strong></span> <span class='ocrx_word' id='word_1_264' title='bbox 420 4180 515 4221; x_wconf 80' lang='lat' dir='ltr'><strong>stutets</strong></span> <span class='ocrx_word' id='word_1_265' title='bbox 541 4164 677 4220; x_wconf 74' lang='lat' dir='ltr'><strong>Eccumm</strong></span> 
     </span>
     <span class='ocr_line' id='line_1_55' title="bbox 98 4234 678 4307; baseline -0.003 -13"><span class='ocrx_word' id='word_1_266' title='bbox 98 4266 133 4277; x_wconf 94' lang='lat'><em>-</em></span> <span class='ocrx_word' id='word_1_267' title='bbox 147 4235 195 4294; x_wconf 91' lang='lat' dir='ltr'><strong>llis</strong></span> <span class='ocrx_word' id='word_1_268' title='bbox 208 4242 285 4294; x_wconf 87' lang='lat' dir='ltr'><strong>recte</strong></span> <span class='ocrx_word' id='word_1_269' title='bbox 305 4235 429 4295; x_wconf 86' lang='lat' dir='ltr'><strong>Ecclesia</strong></span> <span class='ocrx_word' id='word_1_270' title='bbox 457 4234 558 4293; x_wconf 88' lang='lat' dir='ltr'><strong>similis</strong></span> <span class='ocrx_word' id='word_1_271' title='bbox 582 4234 678 4307; x_wconf 89' lang='lat' dir='ltr'><strong>perhi-</strong></span> 
     </span>
     <span class='ocr_line' id='line_1_56' title="bbox 98 4306 678 4382; baseline 0 -16"><span class='ocrx_word' id='word_1_272' title='bbox 98 4308 193 4380; x_wconf 88' lang='lat' dir='ltr'><strong>betur,</strong></span> <span class='ocrx_word' id='word_1_273' title='bbox 214 4307 283 4381; x_wconf 84' lang='lat' dir='ltr'><strong>quis</strong></span> <span class='ocrx_word' id='word_1_274' title='bbox 302 4308 334 4366; x_wconf 89' lang='lat' dir='ltr'><strong>in</strong></span> <span class='ocrx_word' id='word_1_275' title='bbox 358 4324 393 4366; x_wconf 90' lang='lat' dir='ltr'><strong>ea</strong></span> <span class='ocrx_word' id='word_1_276' title='bbox 413 4307 520 4367; x_wconf 90' lang='lat' dir='ltr'><strong>etboui</strong></span> <span class='ocrx_word' id='word_1_277' title='bbox 535 4306 678 4382; x_wconf 76' lang='lat' dir='ltr'><strong>religiose,</strong></span> 
     </span>
    </p>
   </div>
   <div class='ocr_carea' id='block_1_7' title="bbox 729 426 1323 4385">
    <p class='ocr_par' dir='ltr' id='par_1_10' title="bbox 729 426 1323 4385">
     <span class='ocr_line' id='line_1_57' title="bbox 730 426 1307 502; baseline -0.01 -15"><span class='ocrx_word' id='word_1_278' title='bbox 730 436 759 487; x_wconf 89' lang='lat' dir='ltr'><strong>et</strong></span> <span class='ocrx_word' id='word_1_279' title='bbox 773 429 840 487; x_wconf 89' lang='lat' dir='ltr'><strong>mali</strong></span> <span class='ocrx_word' id='word_1_280' title='bbox 856 426 1064 502; x_wconf 86' lang='lat' dir='ltr'><strong>superstitiose</strong></span> <span class='ocrx_word' id='word_1_281' title='bbox 1072 426 1254 484; x_wconf 78' lang='lat' dir='ltr'><strong>conviventes</strong></span> <span class='ocrx_word' id='word_1_282' title='bbox 1264 441 1307 496; x_wconf 75' lang='lat' dir='ltr'><strong>pes</strong></span> 
     </span>
     <span class='ocr_line' id='line_1_58' title="bbox 731 496 1309 572; baseline -0.007 -14"><span class='ocrx_word' id='word_1_283' title='bbox 731 501 838 559; x_wconf 80' lang='lat' dir='ltr'><strong>mixtim</strong></span> <span class='ocrx_word' id='word_1_284' title='bbox 855 500 1056 565; x_wconf 88' lang='lat' dir='ltr'><strong>eontinentur,</strong></span> <span class='ocrx_word' id='word_1_285' title='bbox 1073 497 1126 572; x_wconf 86' lang='lat' dir='ltr'><strong>qui</strong></span> <span class='ocrx_word' id='word_1_286' title='bbox 1142 514 1195 571; x_wconf 93' lang='lat' dir='ltr'><strong>per</strong></span> <span class='ocrx_word' id='word_1_287' title='bbox 1209 496 1309 569; x_wconf 78' lang='lat' dir='ltr'><strong>quinque</strong></span> 
     </span>
     <span class='ocr_line' id='line_1_59' title="bbox 730 570 1310 645; baseline -0.01 -14"><span class='ocrx_word' id='word_1_288' title='bbox 730 575 893 645; x_wconf 89' lang='lat' dir='ltr'><strong>prudentes,</strong></span> <span class='ocrx_word' id='word_1_289' title='bbox 908 579 938 630; x_wconf 91' lang='lat' dir='ltr'><strong>et</strong></span> <span class='ocrx_word' id='word_1_290' title='bbox 954 589 1011 645; x_wconf 92' lang='lat' dir='ltr'><strong>per</strong></span> <span class='ocrx_word' id='word_1_291' title='bbox 1027 571 1163 644; x_wconf 69' lang='lat' dir='ltr'><strong>quintine</strong></span> <span class='ocrx_word' id='word_1_292' title='bbox 1178 570 1310 627; x_wconf 66' lang='lat' dir='ltr'><strong>latuistis</strong></span> 
     </span>
     <span class='ocr_line' id='line_1_60' title="bbox 729 643 1310 718; baseline -0.007 -17"><span class='ocrx_word' id='word_1_293' title='bbox 729 646 819 718; x_wconf 78' lang='lat' dir='ltr'><strong>gines,</strong></span> <span class='ocrx_word' id='word_1_294' title='bbox 835 662 886 717; x_wconf 90' lang='lat' dir='ltr'><strong>per</strong></span> <span class='ocrx_word' id='word_1_295' title='bbox 897 645 1030 717; x_wconf 81' lang='lat' dir='ltr'><strong>quinque</strong></span> <span class='ocrx_word' id='word_1_296' title='bbox 1042 643 1185 716; x_wconf 88' lang='lat' dir='ltr'><strong>partitam</strong></span> <span class='ocrx_word' id='word_1_297' title='bbox 1201 657 1310 698; x_wconf 85' lang='lat' dir='ltr'><strong>sensuum</strong></span> 
     </span>
     <span class='ocr_line' id='line_1_61' title="bbox 729 713 1313 775; baseline -0.01 -1"><span class='ocrx_word' id='word_1_298' title='bbox 729 717 935 775; x_wconf 88' lang='lat' dir='ltr'><strong>continentiam</strong></span> <span class='ocrx_word' id='word_1_299' title='bbox 954 733 972 774; x_wconf 84' lang='lat' dir='ltr'><strong>a</strong></span> <span class='ocrx_word' id='word_1_300' title='bbox 993 716 1097 773; x_wconf 89' lang='lat' dir='ltr'><strong>caruis</strong></span> <span class='ocrx_word' id='word_1_301' title='bbox 1125 713 1313 773; x_wconf 82' lang='lat' dir='ltr'><strong>illecebrit.el</strong></span> 
     </span>
     <span class='ocr_line' id='line_1_62' title="bbox 729 785 1313 861; baseline -0.007 -17"><span class='ocrx_word' id='word_1_302' title='bbox 729 789 922 861; x_wconf 82' lang='lat' dir='ltr'><strong>voluptatibus</strong></span> <span class='ocrx_word' id='word_1_303' title='bbox 941 788 1164 860; x_wconf 81' lang='lat' dir='ltr'><strong>significantes,</strong></span> <span class='ocrx_word' id='word_1_304' title='bbox 1176 785 1313 857; x_wconf 81' lang='lat' dir='ltr'><strong>intelligor</strong></span> 
     </span>
     <span class='ocr_line' id='line_1_63' title="bbox 729 857 1316 932; baseline -0.009 -15"><span class='ocrx_word' id='word_1_305' title='bbox 729 866 786 920; x_wconf 87' lang='lat' dir='ltr'><strong>tur.</strong></span> <span class='ocrx_word' id='word_1_306' title='bbox 801 861 978 932; x_wconf 84' lang='lat' dir='ltr'><strong>Quicumque</strong></span> <span class='ocrx_word' id='word_1_307' title='bbox 990 859 1074 917; x_wconf 90' lang='lat' dir='ltr'><strong>enim</strong></span> <span class='ocrx_word' id='word_1_308' title='bbox 1087 875 1186 931; x_wconf 86' lang='lat' dir='ltr'><strong>opera</strong></span> <span class='ocrx_word' id='word_1_309' title='bbox 1200 857 1316 915; x_wconf 85' lang='lat' dir='ltr'><strong>suaboua</strong></span> 
     </span>
     <span class='ocr_line' id='line_1_64' title="bbox 749 928 1315 1004; baseline -0.011 -14"><span class='ocrx_word' id='word_1_310' title='bbox 749 949 780 990; x_wconf 90' lang='lat' dir='ltr'><strong>ro</strong></span> <span class='ocrx_word' id='word_1_311' title='bbox 798 949 869 989; x_wconf 88' lang='lat' dir='ltr'><strong>tana</strong></span> <span class='ocrx_word' id='word_1_312' title='bbox 903 931 987 1000; x_wconf 91' lang='lat' dir='ltr'><strong>lotia,</strong></span> <span class='ocrx_word' id='word_1_313' title='bbox 1004 931 1051 988; x_wconf 85' lang='lat' dir='ltr'><strong>rel</strong></span> <span class='ocrx_word' id='word_1_314' title='bbox 1067 936 1189 1004; x_wconf 80' lang='lat' dir='ltr'><strong>quaestu</strong></span> <span class='ocrx_word' id='word_1_315' title='bbox 1216 928 1315 997; x_wconf 88' lang='lat' dir='ltr'><strong>laciuut,</strong></span> 
     </span>
     <span class='ocr_line' id='line_1_65' title="bbox 729 948 1317 1082; baseline -0.01 -20"><span class='ocrx_word' id='word_1_316' title='bbox 729 949 798 1062; x_wconf 44' lang='lat' dir='ltr'><strong>{atui</strong></span> <span class='ocrx_word' id='word_1_317' title='bbox 851 948 948 1061; x_wconf 55' lang='lat' dir='ltr'><strong>uidem</strong></span> <span class='ocrx_word' id='word_1_318' title='bbox 977 1008 1073 1073; x_wconf 92' lang='lat' dir='ltr'><strong>suut,</strong></span> <span class='ocrx_word' id='word_1_319' title='bbox 1098 1002 1157 1059; x_wconf 77' lang='lat' dir='ltr'><strong>etsi</strong></span> <span class='ocrx_word' id='word_1_320' title='bbox 1181 1001 1317 1082; x_wconf 80' lang='lat' dir='ltr'><strong>prudentes</strong></span> 
     </span>
     <span class='ocr_line' id='line_1_66' title="bbox 730 1020 1318 1144; baseline -0.01 -10"><span class='ocrx_word' id='word_1_321' title='bbox 730 1093 792 1134; x_wconf 86' lang='lat' dir='ltr'><strong>esse</strong></span> <span class='ocrx_word' id='word_1_322' title='bbox 804 1020 963 1139; x_wconf 45' lang='lat' dir='ltr'><strong>videantur.</strong></span> <span class='ocrx_word' id='word_1_323' title='bbox 978 1075 1050 1132; x_wconf 89' lang='lat' dir='ltr'><strong>lude</strong></span> <span class='ocrx_word' id='word_1_324' title='bbox 1067 1074 1196 1132; x_wconf 90' lang='lat' dir='ltr'><strong>enimet</strong></span> <span class='ocrx_word' id='word_1_325' title='bbox 1211 1088 1318 1144; x_wconf 79' lang='lat' dir='ltr'><strong>rtrgtues</strong></span> 
     </span>
     <span class='ocr_line' id='line_1_67' title="bbox 731 1146 1318 1219; baseline -0.012 -13"><span class='ocrx_word' id='word_1_326' title='bbox 731 1149 873 1217; x_wconf 90' lang='lat' dir='ltr'><strong>dicuntur,</strong></span> <span class='ocrx_word' id='word_1_327' title='bbox 885 1147 953 1218; x_wconf 84' lang='lat' dir='ltr'><strong>quia</strong></span> <span class='ocrx_word' id='word_1_328' title='bbox 968 1148 1048 1205; x_wconf 87' lang='lat' dir='ltr'><strong>botta</strong></span> <span class='ocrx_word' id='word_1_329' title='bbox 1064 1152 1232 1219; x_wconf 90' lang='lat' dir='ltr'><strong>operantur</strong></span> <span class='ocrx_word' id='word_1_330' title='bbox 1243 1156 1268 1200; x_wconf 92' lang='lat' dir='ltr'><strong>et</strong></span> <span class='ocrx_word' id='word_1_331' title='bbox 1280 1146 1318 1200; x_wconf 82' lang='lat' dir='ltr'><strong>bo</strong></span> 
     </span>
     <span class='ocr_line' id='line_1_68' title="bbox 732 1215 1318 1278; baseline -0.01 -1"><span class='ocrx_word' id='word_1_332' title='bbox 732 1221 760 1277; x_wconf 92' lang='lat' dir='ltr'><strong>ui</strong></span> <span class='ocrx_word' id='word_1_333' title='bbox 775 1223 809 1277; x_wconf 90' lang='lat' dir='ltr'><strong>ab</strong></span> <span class='ocrx_word' id='word_1_334' title='bbox 826 1219 988 1278; x_wconf 89' lang='lat' dir='ltr'><strong>bominibus</strong></span> <span class='ocrx_word' id='word_1_335' title='bbox 999 1219 1154 1276; x_wconf 87' lang='lat' dir='ltr'><strong>ridentur.</strong></span> <span class='ocrx_word' id='word_1_336' title='bbox 1174 1220 1245 1276; x_wconf 89' lang='lat' dir='ltr'><strong>Sunt</strong></span> <span class='ocrx_word' id='word_1_337' title='bbox 1257 1215 1318 1273; x_wconf 90' lang='lat' dir='ltr'><strong>euittt</strong></span> 
     </span>
     <span class='ocr_line' id='line_1_69' title="bbox 731 1289 1319 1363; baseline -0.01 -15"><span class='ocrx_word' id='word_1_338' title='bbox 731 1292 759 1349; x_wconf 92' lang='lat' dir='ltr'><strong>in</strong></span> <span class='ocrx_word' id='word_1_339' title='bbox 776 1293 886 1349; x_wconf 90' lang='lat' dir='ltr'><strong>actione</strong></span> <span class='ocrx_word' id='word_1_340' title='bbox 900 1291 1027 1363; x_wconf 81' lang='lat' dir='ltr'><strong>virgines</strong></span> <span class='ocrx_word' id='word_1_341' title='bbox 1042 1301 1076 1348; x_wconf 88' lang='lat' dir='ltr'><strong>et</strong></span> <span class='ocrx_word' id='word_1_342' title='bbox 1091 1289 1257 1347; x_wconf 86' lang='lat' dir='ltr'><strong>intentione</strong></span> <span class='ocrx_word' id='word_1_343' title='bbox 1270 1303 1319 1344; x_wconf 79' lang='lat' dir='ltr'><strong>enr-</strong></span> 
     </span>
     <span class='ocr_line' id='line_1_70' title="bbox 732 1364 1320 1437; baseline -0.012 -16"><span class='ocrx_word' id='word_1_344' title='bbox 732 1364 819 1437; x_wconf 93' lang='lat' dir='ltr'><strong>rupti,</strong></span> <span class='ocrx_word' id='word_1_345' title='bbox 833 1365 901 1437; x_wconf 88' lang='lat' dir='ltr'><strong>quia</strong></span> <span class='ocrx_word' id='word_1_346' title='bbox 916 1365 993 1421; x_wconf 91' lang='lat' dir='ltr'><strong>bona</strong></span> <span class='ocrx_word' id='word_1_347' title='bbox 1012 1379 1082 1434; x_wconf 77' lang='lat' dir='ltr'><strong>quie</strong></span> <span class='ocrx_word' id='word_1_348' title='bbox 1097 1368 1203 1434; x_wconf 81' lang='lat' dir='ltr'><strong>agunt,</strong></span> <span class='ocrx_word' id='word_1_349' title='bbox 1220 1377 1272 1416; x_wconf 75' lang='lat' dir='ltr'><strong>nou</strong></span> <span class='ocrx_word' id='word_1_350' title='bbox 1286 1375 1320 1415; x_wconf 84' lang='lat' dir='ltr'><strong>ca·</strong></span> 
     </span>
     <span class='ocr_line' id='line_1_71' title="bbox 733 1434 1320 1511; baseline -0.015 -18"><span class='ocrx_word' id='word_1_351' title='bbox 733 1444 776 1493; x_wconf 90' lang='lat' dir='ltr'><strong>sta</strong></span> <span class='ocrx_word' id='word_1_352' title='bbox 793 1442 820 1494; x_wconf 89' lang='lat' dir='ltr'><strong>et</strong></span> <span class='ocrx_word' id='word_1_353' title='bbox 841 1437 952 1493; x_wconf 91' lang='lat' dir='ltr'><strong>sincera</strong></span> <span class='ocrx_word' id='word_1_354' title='bbox 972 1435 1146 1491; x_wconf 88' lang='lat' dir='ltr'><strong>intentione</strong></span> <span class='ocrx_word' id='word_1_355' title='bbox 1165 1434 1320 1511; x_wconf 78' lang='lat' dir='ltr'><strong>laciuu13et</strong></span> 
     </span>
     <span class='ocr_line' id='line_1_72' title="bbox 733 1507 1321 1579; baseline -0.014 -14"><span class='ocrx_word' id='word_1_356' title='bbox 733 1509 833 1566; x_wconf 91' lang='lat' dir='ltr'><strong>merito</strong></span> <span class='ocrx_word' id='word_1_357' title='bbox 849 1509 983 1565; x_wconf 86' lang='lat' dir='ltr'><strong>dicuutur</strong></span> <span class='ocrx_word' id='word_1_358' title='bbox 1001 1507 1138 1579; x_wconf 80' lang='lat' dir='ltr'><strong>virgines</strong></span> <span class='ocrx_word' id='word_1_359' title='bbox 1154 1508 1253 1572; x_wconf 74' lang='lat' dir='ltr'><strong>latua,</strong></span> <span class='ocrx_word' id='word_1_360' title='bbox 1266 1518 1321 1576; x_wconf 79' lang='lat' dir='ltr'><strong>quta</strong></span> 
     </span>
     <span class='ocr_line' id='line_1_73' title="bbox 733 1579 1319 1653; baseline -0.017 -14"><span class='ocrx_word' id='word_1_361' title='bbox 733 1583 838 1639; x_wconf 91' lang='lat' dir='ltr'><strong>bouum</strong></span> <span class='ocrx_word' id='word_1_362' title='bbox 854 1596 925 1653; x_wconf 92' lang='lat' dir='ltr'><strong>opus</strong></span> <span class='ocrx_word' id='word_1_363' title='bbox 938 1579 975 1635; x_wconf 92' lang='lat' dir='ltr'><strong>de</strong></span> <span class='ocrx_word' id='word_1_364' title='bbox 990 1595 1105 1651; x_wconf 85' lang='lat' dir='ltr'><strong>gauere</strong></span> <span class='ocrx_word' id='word_1_365' title='bbox 1124 1579 1319 1648; x_wconf 87' lang='lat' dir='ltr'><strong>perdunt,pro</strong></span> 
     </span>
     <span class='ocr_line' id='line_1_74' title="bbox 733 1649 1320 1727; baseline -0.012 -18"><span class='ocrx_word' id='word_1_366' title='bbox 733 1660 796 1727; x_wconf 90' lang='lat' dir='ltr'><strong>pter</strong></span> <span class='ocrx_word' id='word_1_367' title='bbox 809 1653 949 1711; x_wconf 90' lang='lat' dir='ltr'><strong>delectum</strong></span> <span class='ocrx_word' id='word_1_368' title='bbox 959 1649 1140 1707; x_wconf 87' lang='lat' dir='ltr'><strong>intentionis</strong></span> <span class='ocrx_word' id='word_1_369' title='bbox 1154 1655 1243 1706; x_wconf 81' lang='lat' dir='ltr'><strong>rectae</strong></span> <span class='ocrx_word' id='word_1_370' title='bbox 1256 1665 1262 1704; x_wconf 94' lang='lat'><strong>:</strong></span> <span class='ocrx_word' id='word_1_371' title='bbox 1277 1662 1320 1702; x_wconf 81' lang='lat' dir='ltr'><strong>ma</strong></span> 
     </span>
     <span class='ocr_line' id='line_1_75' title="bbox 734 1721 1321 1797; baseline -0.012 -16"><span class='ocrx_word' id='word_1_372' title='bbox 734 1742 789 1795; x_wconf 72' lang='lat' dir='ltr'><strong>pua</strong></span> <span class='ocrx_word' id='word_1_373' title='bbox 804 1725 908 1797; x_wconf 88' lang='lat' dir='ltr'><strong>quippe</strong></span> <span class='ocrx_word' id='word_1_374' title='bbox 922 1724 1041 1780; x_wconf 76' lang='lat' dir='ltr'><strong>fatuitas</strong></span> <span class='ocrx_word' id='word_1_375' title='bbox 1054 1728 1104 1779; x_wconf 87' lang='lat' dir='ltr'><strong>est</strong></span> <span class='ocrx_word' id='word_1_376' title='bbox 1116 1721 1321 1780; x_wconf 85' lang='lat' dir='ltr'><strong>diffieiliaetat·</strong></span> 
     </span>
     <span class='ocr_line' id='line_1_76' title="bbox 734 1792 1319 1869; baseline -0.014 -15"><span class='ocrx_word' id='word_1_377' title='bbox 734 1798 792 1855; x_wconf 92' lang='lat' dir='ltr'><strong>dua</strong></span> <span class='ocrx_word' id='word_1_378' title='bbox 814 1794 942 1869; x_wconf 75' lang='lat' dir='ltr'><strong>aggredi,</strong></span> <span class='ocrx_word' id='word_1_379' title='bbox 962 1801 992 1852; x_wconf 86' lang='lat' dir='ltr'><strong>et</strong></span> <span class='ocrx_word' id='word_1_380' title='bbox 1013 1795 1177 1864; x_wconf 84' lang='lat' dir='ltr'><strong>sustinere,</strong></span> <span class='ocrx_word' id='word_1_381' title='bbox 1194 1793 1256 1850; x_wconf 86' lang='lat' dir='ltr'><strong>sine</strong></span> <span class='ocrx_word' id='word_1_382' title='bbox 1275 1792 1319 1847; x_wconf 92' lang='lat' dir='ltr'><strong>lru·</strong></span> 
     </span>
     <span class='ocr_line' id='line_1_77' title="bbox 734 1866 1317 1940; baseline -0.014 -15"><span class='ocrx_word' id='word_1_383' title='bbox 734 1878 778 1925; x_wconf 88' lang='lat' dir='ltr'><strong>ctu</strong></span> <span class='ocrx_word' id='word_1_384' title='bbox 807 1874 834 1926; x_wconf 92' lang='lat' dir='ltr'><strong>et</strong></span> <span class='ocrx_word' id='word_1_385' title='bbox 851 1867 983 1925; x_wconf 88' lang='lat' dir='ltr'><strong>utilitate.</strong></span> <span class='ocrx_word' id='word_1_386' title='bbox 999 1869 1109 1940; x_wconf 81' lang='lat' dir='ltr'><strong>Magna</strong></span> <span class='ocrx_word' id='word_1_387' title='bbox 1123 1871 1207 1924; x_wconf 88' lang='lat' dir='ltr'><strong>euim</strong></span> <span class='ocrx_word' id='word_1_388' title='bbox 1221 1866 1317 1922; x_wconf 84' lang='lat' dir='ltr'><strong>latnttas</strong></span> 
     </span>
     <span class='ocr_line' id='line_1_78' title="bbox 734 1936 1320 2013; baseline -0.015 -14"><span class='ocrx_word' id='word_1_389' title='bbox 734 1947 778 1999; x_wconf 89' lang='lat' dir='ltr'><strong>est</strong></span> <span class='ocrx_word' id='word_1_390' title='bbox 789 1941 932 2013; x_wconf 85' lang='lat' dir='ltr'><strong>jejunare,</strong></span> <span class='ocrx_word' id='word_1_391' title='bbox 944 1938 1079 2012; x_wconf 80' lang='lat' dir='ltr'><strong>vigilare,</strong></span> <span class='ocrx_word' id='word_1_392' title='bbox 1093 1954 1216 1996; x_wconf 86' lang='lat' dir='ltr'><strong>caruem</strong></span> <span class='ocrx_word' id='word_1_393' title='bbox 1231 1936 1320 2004; x_wconf 66' lang='lat' dir='ltr'><strong>albige</strong></span> 
     </span>
     <span class='ocr_line' id='line_1_79' title="bbox 735 2008 1318 2081; baseline -0.015 -11"><span class='ocrx_word' id='word_1_394' title='bbox 735 2029 774 2080; x_wconf 91' lang='lat' dir='ltr'><strong>re,</strong></span> <span class='ocrx_word' id='word_1_395' title='bbox 791 2029 886 2081; x_wconf 86' lang='lat' dir='ltr'><strong>orare,</strong></span> <span class='ocrx_word' id='word_1_396' title='bbox 901 2017 930 2068; x_wconf 93' lang='lat' dir='ltr'><strong>et</strong></span> <span class='ocrx_word' id='word_1_397' title='bbox 945 2011 1053 2068; x_wconf 87' lang='lat' dir='ltr'><strong>similia</strong></span> <span class='ocrx_word' id='word_1_398' title='bbox 1077 2013 1190 2079; x_wconf 88' lang='lat' dir='ltr'><strong>lacere,</strong></span> <span class='ocrx_word' id='word_1_399' title='bbox 1217 2015 1245 2066; x_wconf 87' lang='lat' dir='ltr'><strong>et</strong></span> <span class='ocrx_word' id='word_1_400' title='bbox 1265 2008 1318 2064; x_wconf 93' lang='lat' dir='ltr'><strong>uul-</strong></span> 
     </span>
     <span class='ocr_line' id='line_1_80' title="bbox 735 2081 1318 2161; baseline -0.009 -20"><span class='ocrx_word' id='word_1_401' title='bbox 735 2087 791 2141; x_wconf 91' lang='lat' dir='ltr'><strong>lam</strong></span> <span class='ocrx_word' id='word_1_402' title='bbox 800 2085 867 2141; x_wconf 90' lang='lat' dir='ltr'><strong>iude</strong></span> <span class='ocrx_word' id='word_1_403' title='bbox 878 2083 963 2141; x_wconf 89' lang='lat' dir='ltr'><strong>aliam</strong></span> <span class='ocrx_word' id='word_1_404' title='bbox 975 2084 1156 2151; x_wconf 88' lang='lat' dir='ltr'><strong>mercedem,</strong></span> <span class='ocrx_word' id='word_1_405' title='bbox 1168 2081 1224 2138; x_wconf 91' lang='lat' dir='ltr'><strong>nisi</strong></span> <span class='ocrx_word' id='word_1_406' title='bbox 1234 2094 1318 2161; x_wconf 73' lang='lat' dir='ltr'><strong>tanam</strong></span> 
     </span>
     <span class='ocr_line' id='line_1_81' title="bbox 734 2154 1313 2228; baseline -0.01 -17"><span class='ocrx_word' id='word_1_407' title='bbox 734 2157 854 2228; x_wconf 78' lang='lat' dir='ltr'><strong>gloriam</strong></span> <span class='ocrx_word' id='word_1_408' title='bbox 870 2160 1051 2228; x_wconf 64' lang='lat' dir='ltr'><strong>exspectare5</strong></span> <span class='ocrx_word' id='word_1_409' title='bbox 1068 2154 1105 2211; x_wconf 93' lang='lat' dir='ltr'><strong>de</strong></span> <span class='ocrx_word' id='word_1_410' title='bbox 1119 2154 1233 2214; x_wconf 89' lang='lat' dir='ltr'><strong>talibus</strong></span> <span class='ocrx_word' id='word_1_411' title='bbox 1251 2164 1313 2209; x_wconf 89' lang='lat' dir='ltr'><strong>eunt</strong></span> 
     </span>
     <span class='ocr_line' id='line_1_82' title="bbox 737 2224 1314 2298; baseline -0.016 -12"><span class='ocrx_word' id='word_1_412' title='bbox 737 2233 871 2285; x_wconf 78' lang='lat' dir='ltr'><strong>[lominus</strong></span> <span class='ocrx_word' id='word_1_413' title='bbox 893 2227 933 2284; x_wconf 90' lang='lat' dir='ltr'><strong>ait</strong></span> <span class='ocrx_word' id='word_1_414' title='bbox 951 2244 957 2282; x_wconf 95' lang='lat'><strong>:</strong></span> <span class='ocrx_word' id='word_1_415' title='bbox 975 2230 1153 2298; x_wconf 77' lang='lat' dir='ltr'><strong>aeceperunt</strong></span> <span class='ocrx_word' id='word_1_416' title='bbox 1182 2224 1314 2282; x_wconf 76' lang='lat' dir='ltr'><strong>mercedest</strong></span> 
     </span>
     <span class='ocr_line' id='line_1_83' title="bbox 734 2298 1317 2370; baseline -0.014 -13"><span class='ocrx_word' id='word_1_417' title='bbox 734 2318 824 2357; x_wconf 83' lang='lat' dir='ltr'><strong>suum.</strong></span> <span class='ocrx_word' id='word_1_418' title='bbox 842 2301 999 2356; x_wconf 87' lang='lat' dir='ltr'><strong>Prudentes</strong></span> <span class='ocrx_word' id='word_1_419' title='bbox 1011 2315 1083 2356; x_wconf 85' lang='lat' dir='ltr'><strong>veto</strong></span> <span class='ocrx_word' id='word_1_420' title='bbox 1098 2298 1230 2370; x_wconf 80' lang='lat' dir='ltr'><strong>virgines</strong></span> <span class='ocrx_word' id='word_1_421' title='bbox 1244 2302 1317 2353; x_wconf 78' lang='lat' dir='ltr'><strong>totam</strong></span> 
     </span>
     <span class='ocr_line' id='line_1_84' title="bbox 734 2371 1317 2439; baseline -0.012 -11"><span class='ocrx_word' id='word_1_422' title='bbox 734 2371 923 2429; x_wconf 88' lang='lat' dir='ltr'><strong>intentionem</strong></span> <span class='ocrx_word' id='word_1_423' title='bbox 937 2371 973 2428; x_wconf 92' lang='lat' dir='ltr'><strong>ad</strong></span> <span class='ocrx_word' id='word_1_424' title='bbox 986 2373 1077 2427; x_wconf 89' lang='lat' dir='ltr'><strong>Deum</strong></span> <span class='ocrx_word' id='word_1_425' title='bbox 1088 2371 1233 2437; x_wconf 86' lang='lat' dir='ltr'><strong>releruut,</strong></span> <span class='ocrx_word' id='word_1_426' title='bbox 1243 2374 1268 2424; x_wconf 89' lang='lat' dir='ltr'><strong>et</strong></span> <span class='ocrx_word' id='word_1_427' title='bbox 1276 2381 1317 2439; x_wconf 93' lang='lat' dir='ltr'><strong>pro</strong></span> 
     </span>
     <span class='ocr_line' id='line_1_85' title="bbox 735 2440 1317 2515; baseline -0.015 -13"><span class='ocrx_word' id='word_1_428' title='bbox 735 2444 868 2515; x_wconf 90' lang='lat' dir='ltr'><strong>operibus</strong></span> <span class='ocrx_word' id='word_1_429' title='bbox 882 2443 940 2500; x_wconf 89' lang='lat' dir='ltr'><strong>suis</strong></span> <span class='ocrx_word' id='word_1_430' title='bbox 958 2458 976 2499; x_wconf 94' lang='lat' dir='ltr'><strong>a</strong></span> <span class='ocrx_word' id='word_1_431' title='bbox 992 2444 1062 2505; x_wconf 86' lang='lat' dir='ltr'><strong>Deo.</strong></span> <span class='ocrx_word' id='word_1_432' title='bbox 1079 2442 1126 2499; x_wconf 90' lang='lat' dir='ltr'><strong>cui</strong></span> <span class='ocrx_word' id='word_1_433' title='bbox 1143 2442 1198 2500; x_wconf 91' lang='lat' dir='ltr'><strong>soli</strong></span> <span class='ocrx_word' id='word_1_434' title='bbox 1218 2440 1317 2514; x_wconf 87' lang='lat' dir='ltr'><strong>placere</strong></span> 
     </span>
     <span class='ocr_line' id='line_1_86' title="bbox 736 2513 1316 2590; baseline -0.009 -18"><span class='ocrx_word' id='word_1_435' title='bbox 736 2515 862 2588; x_wconf 90' lang='lat' dir='ltr'><strong>cupiunt,</strong></span> <span class='ocrx_word' id='word_1_436' title='bbox 885 2515 1046 2572; x_wconf 86' lang='lat' dir='ltr'><strong>mercedem</strong></span> <span class='ocrx_word' id='word_1_437' title='bbox 1067 2513 1234 2587; x_wconf 89' lang='lat' dir='ltr'><strong>reeipiuut;</strong></span> <span class='ocrx_word' id='word_1_438' title='bbox 1260 2525 1316 2590; x_wconf 82' lang='lat' dir='ltr'><strong>pru·</strong></span> 
     </span>
     <span class='ocr_line' id='line_1_87' title="bbox 736 2582 1317 2660; baseline -0.007 -18"><span class='ocrx_word' id='word_1_439' title='bbox 736 2587 833 2643; x_wconf 91' lang='lat' dir='ltr'><strong>dentia</strong></span> <span class='ocrx_word' id='word_1_440' title='bbox 843 2587 948 2660; x_wconf 85' lang='lat' dir='ltr'><strong>quippe</strong></span> <span class='ocrx_word' id='word_1_441' title='bbox 964 2602 1072 2658; x_wconf 82' lang='lat' dir='ltr'><strong>magna</strong></span> <span class='ocrx_word' id='word_1_442' title='bbox 1087 2592 1143 2655; x_wconf 71' lang='lat' dir='ltr'><strong>est,</strong></span> <span class='ocrx_word' id='word_1_443' title='bbox 1160 2602 1195 2643; x_wconf 83' lang='lat' dir='ltr'><strong>ex</strong></span> <span class='ocrx_word' id='word_1_444' title='bbox 1210 2582 1317 2641; x_wconf 83' lang='lat' dir='ltr'><strong>modicis</strong></span> 
     </span>
     <span class='ocr_line' id='line_1_88' title="bbox 737 2655 1317 2732; baseline -0.009 -17"><span class='ocrx_word' id='word_1_445' title='bbox 737 2676 850 2732; x_wconf 82' lang='lat' dir='ltr'><strong>magna,</strong></span> <span class='ocrx_word' id='word_1_446' title='bbox 866 2668 893 2715; x_wconf 89' lang='lat' dir='ltr'><strong>et</strong></span> <span class='ocrx_word' id='word_1_447' title='bbox 909 2674 941 2714; x_wconf 86' lang='lat' dir='ltr'><strong>et</strong></span> <span class='ocrx_word' id='word_1_448' title='bbox 957 2658 1168 2730; x_wconf 84' lang='lat' dir='ltr'><strong>temporalibus</strong></span> <span class='ocrx_word' id='word_1_449' title='bbox 1181 2655 1317 2728; x_wconf 77' lang='lat' dir='ltr'><strong>acquirere</strong></span> 
     </span>
     <span class='ocr_line' id='line_1_89' title="bbox 736 2728 1315 2799; baseline -0.012 -12"><span class='ocrx_word' id='word_1_450' title='bbox 736 2730 919 2799; x_wconf 84' lang='lat' dir='ltr'><strong>sempiterna.</strong></span> <span class='ocrx_word' id='word_1_451' title='bbox 936 2733 969 2787; x_wconf 87' lang='lat' dir='ltr'><strong>Et</strong></span> <span class='ocrx_word' id='word_1_452' title='bbox 984 2732 1012 2786; x_wconf 88' lang='lat' dir='ltr'><strong>iu</strong></span> <span class='ocrx_word' id='word_1_453' title='bbox 1029 2729 1074 2787; x_wconf 89' lang='lat' dir='ltr'><strong>bis</strong></span> <span class='ocrx_word' id='word_1_454' title='bbox 1088 2728 1230 2786; x_wconf 80' lang='lat' dir='ltr'><strong>dividitur</strong></span> <span class='ocrx_word' id='word_1_455' title='bbox 1248 2732 1315 2783; x_wconf 89' lang='lat' dir='ltr'><strong>tolus</strong></span> 
     </span>
     <span class='ocr_line' id='line_1_90' title="bbox 737 2797 1316 2872; baseline -0.01 -14"><span class='ocrx_word' id='word_1_456' title='bbox 737 2803 867 2872; x_wconf 74' lang='lat' dir='ltr'><strong>mundus,</strong></span> <span class='ocrx_word' id='word_1_457' title='bbox 883 2808 911 2858; x_wconf 91' lang='lat' dir='ltr'><strong>et</strong></span> <span class='ocrx_word' id='word_1_458' title='bbox 930 2806 990 2858; x_wconf 91' lang='lat' dir='ltr'><strong>tota</strong></span> <span class='ocrx_word' id='word_1_459' title='bbox 1006 2801 1135 2859; x_wconf 81' lang='lat' dir='ltr'><strong>fidelium</strong></span> <span class='ocrx_word' id='word_1_460' title='bbox 1165 2797 1316 2864; x_wconf 88' lang='lat' dir='ltr'><strong>multitudo,</strong></span> 
     </span>
     <span class='ocr_line' id='line_1_91' title="bbox 735 2873 1315 2944; baseline -0.012 -14"><span class='ocrx_word' id='word_1_461' title='bbox 735 2874 811 2944; x_wconf 81' lang='lat' dir='ltr'><strong>quii,</strong></span> <span class='ocrx_word' id='word_1_462' title='bbox 828 2881 858 2930; x_wconf 91' lang='lat' dir='ltr'><strong>nt</strong></span> <span class='ocrx_word' id='word_1_463' title='bbox 870 2873 938 2930; x_wconf 88' lang='lat' dir='ltr'><strong>dicit</strong></span> <span class='ocrx_word' id='word_1_464' title='bbox 957 2876 1143 2944; x_wconf 75' lang='lat' dir='ltr'><strong>Hieronymus</strong></span> <span class='ocrx_word' id='word_1_465' title='bbox 1165 2891 1202 2928; x_wconf 85' lang='lat' dir='ltr'><strong>:n</strong></span> <span class='ocrx_word' id='word_1_466' title='bbox 1222 2874 1315 2928; x_wconf 81' lang='lat' dir='ltr'><strong>Sancta</strong></span> 
     </span>
     <span class='ocr_line' id='line_1_92' title="bbox 736 2945 1316 3017; baseline -0.014 -15"><span class='ocrx_word' id='word_1_467' title='bbox 736 2945 860 3002; x_wconf 87' lang='lat' dir='ltr'><strong>Ecclesia</strong></span> <span class='ocrx_word' id='word_1_468' title='bbox 874 2945 999 3017; x_wconf 82' lang='lat' dir='ltr'><strong>virgines</strong></span> <span class='ocrx_word' id='word_1_469' title='bbox 1008 2949 1170 3017; x_wconf 85' lang='lat' dir='ltr'><strong>prudentes</strong></span> <span class='ocrx_word' id='word_1_470' title='bbox 1182 2946 1316 3014; x_wconf 89' lang='lat' dir='ltr'><strong>babetpro</strong></span> 
     </span>
     <span class='ocr_line' id='line_1_93' title="bbox 737 3018 1318 3090; baseline -0.01 -15"><span class='ocrx_word' id='word_1_471' title='bbox 737 3018 1318 3090; x_wconf 84' lang='lat' dir='ltr'><strong>Deobeneoperantes,etlatuas,prottm</strong></span> 
     </span>
     <span class='ocr_line' id='line_1_94' title="bbox 736 3089 1318 3162; baseline -0.009 -17"><span class='ocrx_word' id='word_1_472' title='bbox 736 3089 827 3162; x_wconf 82' lang='lat' dir='ltr'><strong>gloria</strong></span> <span class='ocrx_word' id='word_1_473' title='bbox 842 3090 1014 3147; x_wconf 87' lang='lat' dir='ltr'><strong>laborantes.</strong></span> <span class='ocrx_word' id='word_1_474' title='bbox 1030 3090 1133 3145; x_wconf 88' lang='lat' dir='ltr'><strong>Videat</strong></span> <span class='ocrx_word' id='word_1_475' title='bbox 1150 3105 1220 3160; x_wconf 82' lang='lat' dir='ltr'><strong>ergo</strong></span> <span class='ocrx_word' id='word_1_476' title='bbox 1244 3100 1318 3143; x_wconf 85' lang='lat' dir='ltr'><strong>uuus·</strong></span> 
     </span>
     <span class='ocr_line' id='line_1_95' title="bbox 736 3157 1318 3233; baseline -0.005 -17"><span class='ocrx_word' id='word_1_477' title='bbox 736 3161 866 3233; x_wconf 81' lang='lat' dir='ltr'><strong>quisque,</strong></span> <span class='ocrx_word' id='word_1_478' title='bbox 881 3170 911 3218; x_wconf 88' lang='lat' dir='ltr'><strong>ut</strong></span> <span class='ocrx_word' id='word_1_479' title='bbox 924 3163 1029 3218; x_wconf 92' lang='lat' dir='ltr'><strong>bonum</strong></span> <span class='ocrx_word' id='word_1_480' title='bbox 1044 3177 1118 3233; x_wconf 86' lang='lat' dir='ltr'><strong>opus</strong></span> <span class='ocrx_word' id='word_1_481' title='bbox 1134 3161 1220 3229; x_wconf 91' lang='lat' dir='ltr'><strong>bene,</strong></span> <span class='ocrx_word' id='word_1_482' title='bbox 1234 3164 1262 3216; x_wconf 92' lang='lat' dir='ltr'><strong>et</strong></span> <span class='ocrx_word' id='word_1_483' title='bbox 1277 3157 1318 3213; x_wconf 91' lang='lat' dir='ltr'><strong>bo·</strong></span> 
     </span>
     <span class='ocr_line' id='line_1_96' title="bbox 737 3231 1318 3303; baseline -0.01 -14"><span class='ocrx_word' id='word_1_484' title='bbox 737 3249 774 3289; x_wconf 90' lang='lat' dir='ltr'><strong>ua</strong></span> <span class='ocrx_word' id='word_1_485' title='bbox 787 3233 945 3290; x_wconf 90' lang='lat' dir='ltr'><strong>intentione</strong></span> <span class='ocrx_word' id='word_1_486' title='bbox 957 3232 1058 3289; x_wconf 83' lang='lat' dir='ltr'><strong>iaciat:</strong></span> <span class='ocrx_word' id='word_1_487' title='bbox 1069 3231 1138 3303; x_wconf 81' lang='lat' dir='ltr'><strong>quia</strong></span> <span class='ocrx_word' id='word_1_488' title='bbox 1150 3248 1210 3289; x_wconf 90' lang='lat' dir='ltr'><strong>nou</strong></span> <span class='ocrx_word' id='word_1_489' title='bbox 1225 3233 1318 3287; x_wconf 89' lang='lat' dir='ltr'><strong>bouum</strong></span> 
     </span>
     <span class='ocr_line' id='line_1_97' title="bbox 736 3303 1316 3373; baseline -0.012 -11"><span class='ocrx_word' id='word_1_490' title='bbox 736 3306 841 3373; x_wconf 84' lang='lat' dir='ltr'><strong>lacere,</strong></span> <span class='ocrx_word' id='word_1_491' title='bbox 852 3304 903 3362; x_wconf 88' lang='lat' dir='ltr'><strong>sed</strong></span> <span class='ocrx_word' id='word_1_492' title='bbox 916 3307 988 3362; x_wconf 91' lang='lat' dir='ltr'><strong>bene</strong></span> <span class='ocrx_word' id='word_1_493' title='bbox 1003 3307 1097 3361; x_wconf 86' lang='lat' dir='ltr'><strong>lacere</strong></span> <span class='ocrx_word' id='word_1_494' title='bbox 1109 3303 1254 3361; x_wconf 88' lang='lat' dir='ltr'><strong>laudabile</strong></span> <span class='ocrx_word' id='word_1_495' title='bbox 1264 3305 1316 3367; x_wconf 89' lang='lat' dir='ltr'><strong>est;</strong></span> 
     </span>
     <span class='ocr_line' id='line_1_98' title="bbox 737 3371 1316 3453; baseline -0.003 -20"><span class='ocrx_word' id='word_1_496' title='bbox 737 3394 795 3433; x_wconf 91' lang='lat' dir='ltr'><strong>nou</strong></span> <span class='ocrx_word' id='word_1_497' title='bbox 815 3376 892 3433; x_wconf 91' lang='lat' dir='ltr'><strong>euim</strong></span> <span class='ocrx_word' id='word_1_498' title='bbox 910 3375 1004 3434; x_wconf 89' lang='lat' dir='ltr'><strong>verbis</strong></span> <span class='ocrx_word' id='word_1_499' title='bbox 1030 3391 1189 3445; x_wconf 90' lang='lat' dir='ltr'><strong>meremur,</strong></span> <span class='ocrx_word' id='word_1_500' title='bbox 1212 3371 1316 3453; x_wconf 75' lang='lat' dir='ltr'><strong>sedad-</strong></span> 
     </span>
     <span class='ocr_line' id='line_1_99' title="bbox 737 3442 1316 3515; baseline -0.009 -13"><span class='ocrx_word' id='word_1_501' title='bbox 737 3447 851 3515; x_wconf 87' lang='lat' dir='ltr'><strong>rerbiis,</strong></span> <span class='ocrx_word' id='word_1_502' title='bbox 868 3448 897 3504; x_wconf 91' lang='lat' dir='ltr'><strong>id</strong></span> <span class='ocrx_word' id='word_1_503' title='bbox 912 3452 955 3504; x_wconf 92' lang='lat' dir='ltr'><strong>est</strong></span> <span class='ocrx_word' id='word_1_504' title='bbox 970 3464 1027 3504; x_wconf 92' lang='lat' dir='ltr'><strong>nou</strong></span> <span class='ocrx_word' id='word_1_505' title='bbox 1043 3447 1073 3504; x_wconf 91' lang='lat' dir='ltr'><strong>iu</strong></span> <span class='ocrx_word' id='word_1_506' title='bbox 1088 3464 1123 3505; x_wconf 90' lang='lat' dir='ltr'><strong>eo</strong></span> <span class='ocrx_word' id='word_1_507' title='bbox 1154 3447 1213 3505; x_wconf 93' lang='lat' dir='ltr'><strong>uod</strong></span> <span class='ocrx_word' id='word_1_508' title='bbox 1222 3445 1258 3503; x_wconf 89' lang='lat' dir='ltr'><strong>ali</strong></span> <span class='ocrx_word' id='word_1_509' title='bbox 1303 3442 1316 3497; x_wconf 92' lang='lat' dir='ltr'><strong>d</strong></span> 
     </span>
     <span class='ocr_line' id='line_1_100' title="bbox 736 3464 1317 3590; baseline -0.012 -14"><span class='ocrx_word' id='word_1_510' title='bbox 736 3520 866 3589; x_wconf 81' lang='lat' dir='ltr'><strong>lauimus,</strong></span> <span class='ocrx_word' id='word_1_511' title='bbox 883 3520 933 3575; x_wconf 89' lang='lat' dir='ltr'><strong>sed</strong></span> <span class='ocrx_word' id='word_1_512' title='bbox 956 3519 986 3575; x_wconf 91' lang='lat' dir='ltr'><strong>in</strong></span> <span class='ocrx_word' id='word_1_513' title='bbox 1012 3535 1047 3575; x_wconf 91' lang='lat' dir='ltr'><strong>eo</strong></span> <span class='ocrx_word' id='word_1_514' title='bbox 1074 3464 1153 3590; x_wconf 50' lang='lat' dir='ltr'><strong>quod</strong></span> <span class='ocrx_word' id='word_1_515' title='bbox 1172 3520 1248 3577; x_wconf 87' lang='lat' dir='ltr'><strong>bene</strong></span> <span class='ocrx_word' id='word_1_516' title='bbox 1272 3513 1317 3573; x_wconf 84' lang='lat' dir='ltr'><strong>eci·</strong></span> 
     </span>
     <span class='ocr_line' id='line_1_101' title="bbox 737 3592 1138 3663; baseline 0.002 -16"><span class='ocrx_word' id='word_1_517' title='bbox 737 3607 819 3648; x_wconf 89' lang='lat' dir='ltr'><strong>mus:</strong></span> <span class='ocrx_word' id='word_1_518' title='bbox 838 3611 852 3644; x_wconf 85' lang='lat' dir='ltr'><strong>o</strong></span> <span class='ocrx_word' id='word_1_519' title='bbox 870 3592 930 3648; x_wconf 81' lang='lat' dir='ltr'><strong>haee</strong></span> <span class='ocrx_word' id='word_1_520' title='bbox 944 3594 1138 3663; x_wconf 71' lang='lat' dir='ltr'><strong>Hieronymus.</strong></span> 
     </span>
     <span class='ocr_line' id='line_1_102' title="bbox 772 3663 1316 3731; baseline -0.006 -12"><span class='ocrx_word' id='word_1_521' title='bbox 772 3663 1067 3730; x_wconf 73' lang='lat' dir='ltr'><strong>tonantissimum.</strong></span> <span class='ocrx_word' id='word_1_522' title='bbox 1095 3692 1128 3703; x_wconf 90' lang='lat'>-</span> <span class='ocrx_word' id='word_1_523' title='bbox 1147 3663 1214 3731; x_wconf 78' lang='lat' dir='ltr'><strong>Qua</strong></span> <span class='ocrx_word' id='word_1_524' title='bbox 1228 3674 1316 3720; x_wconf 88' lang='lat' dir='ltr'><strong>omnes</strong></span> 
     </span>
     <span class='ocr_line' id='line_1_103' title="bbox 736 3734 1317 3807; baseline -0.002 -17"><span class='ocrx_word' id='word_1_525' title='bbox 736 3734 843 3790; x_wconf 90' lang='lat' dir='ltr'><strong>seilicet</strong></span> <span class='ocrx_word' id='word_1_526' title='bbox 855 3734 979 3807; x_wconf 80' lang='lat' dir='ltr'><strong>virgines</strong></span> <span class='ocrx_word' id='word_1_527' title='bbox 990 3734 1063 3800; x_wconf 75' lang='lat' dir='ltr'><strong>istae,</strong></span> <span class='ocrx_word' id='word_1_528' title='bbox 1072 3737 1133 3791; x_wconf 91' lang='lat' dir='ltr'><strong>tam</strong></span> <span class='ocrx_word' id='word_1_529' title='bbox 1144 3735 1232 3793; x_wconf 83' lang='lat' dir='ltr'><strong>iatuae</strong></span> <span class='ocrx_word' id='word_1_530' title='bbox 1243 3746 1317 3806; x_wconf 83' lang='lat' dir='ltr'><strong>quatu</strong></span> 
     </span>
     <span class='ocr_line' id='line_1_104' title="bbox 738 3806 1316 3878; baseline 0.002 -17"><span class='ocrx_word' id='word_1_531' title='bbox 738 3806 1072 3876; x_wconf 86' lang='lat' dir='ltr'><strong>prudentes,ueoipientet</strong></span> <span class='ocrx_word' id='word_1_532' title='bbox 1088 3807 1237 3878; x_wconf 76' lang='lat' dir='ltr'><strong>tampades</strong></span> <span class='ocrx_word' id='word_1_533' title='bbox 1247 3820 1316 3869; x_wconf 82' lang='lat' dir='ltr'><strong>suot,</strong></span> 
     </span>
     <span class='ocr_line' id='line_1_105' title="bbox 736 3875 1317 3949; baseline -0.003 -15"><span class='ocrx_word' id='word_1_534' title='bbox 736 3876 765 3934; x_wconf 93' lang='lat' dir='ltr'><strong>id</strong></span> <span class='ocrx_word' id='word_1_535' title='bbox 778 3883 822 3935; x_wconf 87' lang='lat' dir='ltr'><strong>est</strong></span> <span class='ocrx_word' id='word_1_536' title='bbox 836 3894 923 3948; x_wconf 91' lang='lat' dir='ltr'><strong>opera</strong></span> <span class='ocrx_word' id='word_1_537' title='bbox 941 3879 1018 3935; x_wconf 90' lang='lat' dir='ltr'><strong>bona</strong></span> <span class='ocrx_word' id='word_1_538' title='bbox 1044 3878 1080 3934; x_wconf 91' lang='lat' dir='ltr'><strong>de</strong></span> <span class='ocrx_word' id='word_1_539' title='bbox 1104 3893 1216 3949; x_wconf 79' lang='lat' dir='ltr'><strong>genere</strong></span> <span class='ocrx_word' id='word_1_540' title='bbox 1245 3875 1317 3944; x_wconf 86' lang='lat' dir='ltr'><strong>boui,</strong></span> 
     </span>
     <span class='ocr_line' id='line_1_106' title="bbox 736 3950 1317 4023; baseline 0.007 -18"><span class='ocrx_word' id='word_1_541' title='bbox 736 3952 862 4006; x_wconf 74' lang='lat' dir='ltr'><strong>exierunt</strong></span> <span class='ocrx_word' id='word_1_542' title='bbox 888 3950 996 4006; x_wconf 86' lang='lat' dir='ltr'><strong>obuium</strong></span> <span class='ocrx_word' id='word_1_543' title='bbox 1019 3964 1119 4020; x_wconf 86' lang='lat' dir='ltr'><strong>sponso</strong></span> <span class='ocrx_word' id='word_1_544' title='bbox 1148 3957 1176 4006; x_wconf 86' lang='lat' dir='ltr'><strong>et</strong></span> <span class='ocrx_word' id='word_1_545' title='bbox 1194 3964 1317 4023; x_wconf 76' lang='lat' dir='ltr'><strong>sponsat</strong></span> 
     </span>
     <span class='ocr_line' id='line_1_107' title="bbox 736 4017 1320 4081; baseline -0.002 -3"><span class='ocrx_word' id='word_1_546' title='bbox 736 4021 772 4078; x_wconf 88' lang='lat' dir='ltr'><strong>ad</strong></span> <span class='ocrx_word' id='word_1_547' title='bbox 789 4023 842 4078; x_wconf 90' lang='lat' dir='ltr'><strong>boc</strong></span> <span class='ocrx_word' id='word_1_548' title='bbox 858 4023 935 4081; x_wconf 88' lang='lat' dir='ltr'><strong>enim</strong></span> <span class='ocrx_word' id='word_1_549' title='bbox 960 4020 1045 4077; x_wconf 92' lang='lat' dir='ltr'><strong>debet</strong></span> <span class='ocrx_word' id='word_1_550' title='bbox 1073 4020 1205 4080; x_wconf 87' lang='lat' dir='ltr'><strong>ordinari</strong></span> <span class='ocrx_word' id='word_1_551' title='bbox 1221 4017 1320 4079; x_wconf 84' lang='lat' dir='ltr'><strong>exerci-</strong></span> 
     </span>
     <span class='ocr_line' id='line_1_108' title="bbox 736 4092 1321 4166; baseline -0.003 -16"><span class='ocrx_word' id='word_1_552' title='bbox 736 4096 806 4150; x_wconf 87' lang='lat' dir='ltr'><strong>tium</strong></span> <span class='ocrx_word' id='word_1_553' title='bbox 823 4092 886 4149; x_wconf 80' lang='lat' dir='ltr'><strong>rita</strong></span> <span class='ocrx_word' id='word_1_554' title='bbox 900 4096 1014 4159; x_wconf 81' lang='lat' dir='ltr'><strong>nostra,</strong></span> <span class='ocrx_word' id='word_1_555' title='bbox 1032 4094 1062 4147; x_wconf 91' lang='lat' dir='ltr'><strong>ut</strong></span> <span class='ocrx_word' id='word_1_556' title='bbox 1075 4092 1165 4149; x_wconf 88' lang='lat' dir='ltr'><strong>homo</strong></span> <span class='ocrx_word' id='word_1_557' title='bbox 1176 4093 1269 4166; x_wconf 88' lang='lat' dir='ltr'><strong>possit</strong></span> <span class='ocrx_word' id='word_1_558' title='bbox 1286 4107 1321 4148; x_wconf 82' lang='lat' dir='ltr'><strong>se</strong></span> 
     </span>
     <span class='ocr_line' id='line_1_109' title="bbox 737 4162 1323 4239; baseline -0.003 -18"><span class='ocrx_word' id='word_1_559' title='bbox 737 4181 806 4222; x_wconf 91' lang='lat' dir='ltr'><strong>cure</strong></span> <span class='ocrx_word' id='word_1_560' title='bbox 816 4170 846 4222; x_wconf 91' lang='lat' dir='ltr'><strong>et</strong></span> <span class='ocrx_word' id='word_1_561' title='bbox 862 4167 996 4221; x_wconf 90' lang='lat' dir='ltr'><strong>decentet</strong></span> <span class='ocrx_word' id='word_1_562' title='bbox 1010 4162 1121 4221; x_wconf 85' lang='lat' dir='ltr'><strong>Christo</strong></span> <span class='ocrx_word' id='word_1_563' title='bbox 1137 4165 1323 4239; x_wconf 86' lang='lat' dir='ltr'><strong>adjudicium</strong></span> 
     </span>
     <span class='ocr_line' id='line_1_110' title="bbox 736 4235 1320 4310; baseline 0.005 -19"><span class='ocrx_word' id='word_1_564' title='bbox 736 4237 858 4294; x_wconf 84' lang='lat' dir='ltr'><strong>venienti</strong></span> <span class='ocrx_word' id='word_1_565' title='bbox 873 4235 1000 4294; x_wconf 87' lang='lat' dir='ltr'><strong>obuiare.</strong></span> <span class='ocrx_word' id='word_1_566' title='bbox 1016 4236 1071 4295; x_wconf 86' lang='lat' dir='ltr'><strong>Sed</strong></span> <span class='ocrx_word' id='word_1_567' title='bbox 1105 4240 1212 4310; x_wconf 82' lang='lat' dir='ltr'><strong>uinpue</strong></span> <span class='ocrx_word' id='word_1_568' title='bbox 1227 4240 1320 4308; x_wconf 72' lang='lat' dir='ltr'><strong>fulua.</strong></span> 
     </span>
     <span class='ocr_line' id='line_1_111' title="bbox 733 4253 1322 4385; baseline -0.008 -18"><span class='ocrx_word' id='word_1_569' title='bbox 733 4313 851 4382; x_wconf 84' lang='lat' dir='ltr'><strong>acceptis</strong></span> <span class='ocrx_word' id='word_1_570' title='bbox 865 4308 1054 4381; x_wconf 81' lang='lat' dir='ltr'><strong>lampadibus,</strong></span> <span class='ocrx_word' id='word_1_571' title='bbox 1069 4253 1102 4366; x_wconf 61' lang='lat' dir='ltr'><strong>ig</strong></span> <span class='ocrx_word' id='word_1_572' title='bbox 1124 4315 1171 4367; x_wconf 85' lang='lat' dir='ltr'><strong>est</strong></span> <span class='ocrx_word' id='word_1_573' title='bbox 1186 4310 1322 4385; x_wconf 79' lang='lat' dir='ltr'><strong>operibus</strong></span> 
     </span>
    </p>
   </div>
   <div class='ocr_carea' id='block_1_8' title="bbox 0 0 1421 4928">
    <p class='ocr_par' dir='ltr' id='par_1_11' title="bbox 0 0 1421 4928">
     <span class='ocr_line' id='line_1_112' title="bbox 0 0 1421 4928; baseline 0 0"><span class='ocrx_word' id='word_1_574' title='bbox 0 0 1421 4928; x_wconf 95' lang='lat' dir='ltr'><strong> </strong></span> 
     </span>
    </p>
   </div>
  </div>
 </body>
</html>
