2842 4920
122 234 152 291 git

418 308 457 363 DE
484 309 661 365 bertilone
689 310 856 366 iluloutttt
885 311 1051 367 zerulum.
1307 299 1349 353 ¹37

117 431 183 490 quau
197 424 329 493 respectu
343 416 431 476 totius
445 424 528 476 terrae
544 417 704 488 promissio-

118 488 166 545 nis
179 490 236 548 sita
249 500 293 547 est
306 490 335 548 in
346 492 415 559 alto,
431 497 459 547 ei
471 496 588 563 propter
602 491 655 546 lroo
668 492 703 548 ab

115 559 328 634 uiispaninos
357 562 423 617 illuc
451 560 597 619 uenientes
624 561 702 619 ibant

114 634 312 701 ascendendo;
329 640 355 689 et
366 634 702 703 precedebatitlosiesus,

115 710 157 769 ui,
174 706 330 763 seeundum
354 706 543 777 Theophilum,
563 706 703 762 ostendo-

114 784 161 833 ret
177 778 255 849 qnod
267 777 304 833 ad
321 775 486 834 Passionem
501 776 659 849 praecurrit.
675 784 703 833 et

112 863 172 905 uon
189 848 297 921 refugit
313 854 444 916 mortem,
459 864 511 922 pro
531 854 630 905 nostra
649 864 701 905 sa-

110 918 182 977 lute.
199 920 270 977 illue
293 919 352 977 ibat
370 936 506 992 passurus
528 935 580 993 pro
605 920 699 991 uobis,

109 997 139 1048 et
154 1007 209 1048 nos
229 991 394 1063 precedens
420 998 449 1049 et
470 1008 523 1048 nos
547 994 698 1060 instruens,

109 1063 188 1134 quod
210 1061 304 1133 ipsum
328 1063 356 1119 in
372 1063 506 1136 operibus
525 1063 698 1136 paenitentia

106 1134 190 1205 sequi
207 1133 364 1192 debeamus
380 1158 387 1192 ι
404 1138 439 1191 Et
452 1136 600 1204 stupebant
615 1141 640 1191 et
655 1151 696 1191 se-

109 1211 226 1333 guentes
239 1205 370 1289 discipuli
380 1208 522 1274 timebant,
540 1208 607 1277 quia
623 1224 696 1264 nou·

131 1292 180 1333 um
200 1279 430 1351 perfectiusque
456 1278 492 1335 ad
515 1278 696 1335 tolerantiam

113 1348 240 1430 martyrii
255 1356 348 1407 erant.
364 1351 408 1416 ut,
423 1355 453 1406 ut
465 1349 534 1406 dicit
548 1351 630 1414 Beda,
642 1367 697 1407 me-

114 1426 256 1477 minerant
274 1421 416 1477 sermonis
425 1422 495 1493 ojus,
513 1437 569 1493 qno
584 1438 614 1477 so
630 1437 694 1492 pas-

109 1506 211 1548 surum
225 1493 315 1549 multa
328 1509 346 1549 a
361 1492 478 1548 summis
488 1492 693 1561 sacerdotibus,

107 1566 137 1619 ei
149 1562 264 1631 Scribis,
280 1572 310 1620 et
327 1563 514 1622 occidendum
536 1580 597 1620 irase
621 1580 693 1637 prae-

104 1632 189 1697 dixit,
203 1640 365 1694 metuentes
376 1652 413 1693 ne
429 1637 471 1692 rel
490 1634 542 1707 ipsi
571 1652 635 1692 eum
659 1652 692 1693 eo

104 1704 319 1777 occiderentur,
344 1708 389 1764 rel
413 1708 513 1764 saltem
531 1705 588 1777 ille,
613 1708 694 1780 cujus

104 1774 165 1833 rita
177 1782 207 1835 et
221 1778 389 1851 magisterio
404 1777 579 1848 gaudebant,
595 1777 694 1834 inimi-

104 1864 207 1906 eorum
228 1850 360 1907 manibus
375 1866 438 1906 mox
454 1850 644 1907 occumberet.
658 1854 694 1907 ut

105 1918 257 1977 divertens
278 1938 308 1978 se
326 1938 343 1979 a
363 1924 418 1989 ria,
434 1924 594 1993 assumpsit,
610 1928 639 1977 et
657 1921 694 1978 ad

104 1997 221 2063 partem
232 1993 316 2049 traxit
329 2008 458 2050 seorsum
469 1997 498 2049 et
511 1994 692 2062 secretaduo·

103 2064 196 2119 &eim
212 2065 365 2136 discipulos
378 2080 455 2132 snos,
468 2073 612 2136 tamquam
630 2081 692 2134 per·

102 2134 253 2205 iectiores,
273 2144 370 2208 typum
384 2136 490 2193 scilieet
510 2140 693 2208 prelatorum

99 2212 248 2277 gerentes,
263 2224 320 2265 uon
344 2207 482 2277 indrmos,
505 2206 553 2279 qui
576 2213 691 2280 possent

100 2278 304 2347 scandalizari,
314 2279 449 2351 quoniam
461 2280 691 2335 uoluitomuibns

101 2357 216 2407 secreta
232 2366 284 2407 sua
296 2349 431 2423 mysteria
442 2350 566 2407 indicare
576 2357 693 2419 ;ettuuc

102 2423 145 2478 eis
156 2422 219 2493 y'arn
234 2428 336 2495 quarta
357 2438 417 2479 vice
442 2426 606 2495 mysterium
633 2438 691 2479 suae

103 2492 253 2550 Passionis
272 2501 300 2550 et
314 2495 535 2550 resurrectionis
551 2492 690 2564 predixit.

100 2563 187 2633 Quia,
204 2570 236 2621 nt
249 2564 319 2622 dicit
333 2566 509 2637 Theophilus,
518 2564 692 2621 conveniens

99 2643 165 2694 erat
183 2636 328 2693 Passionis
344 2636 507 2709 mysterium
521 2635 692 2710 propinqui-

100 2707 203 2765 oribus
216 2706 271 2765 sibi
284 2710 421 2765 revelare.
438 2710 518 2765 Unde
532 2715 561 2764 et
574 2708 692 2777 tltiryso-

99 2786 209 2837 stomus
222 2798 229 2838 :
244 2802 258 2831 a
270 2779 369 2836 Omnis
383 2779 474 2851 gloria
484 2777 545 2848 Dei,
559 2786 585 2835 et
599 2780 691 2837 omnis

101 2852 181 2909 salus
191 2850 351 2920 bominum,
360 2850 500 2909 inchristi
515 2857 605 2907 morte
619 2851 691 2922 posi·

102 2930 133 2981 ta
147 2928 204 2980 est.
221 2923 304 2979 Nulla
318 2924 395 2979 euim
417 2939 463 2980 res
476 2927 520 2979 est
540 2938 605 2993 quae
629 2938 690 2979 am-

103 2993 179 3067 plius
190 2993 228 3051 ad
242 2994 363 3051 salutem
379 2995 525 3051 homiuum
540 2993 689 3066 pertineat,

105 3080 191 3137 quarn
222 3081 300 3122 mors
330 3066 432 3137 ipsius;
464 3082 515 3122 noc
542 3071 585 3121 ost
611 3064 689 3121 aliud

105 3136 211 3208 aliquid
227 3155 277 3208 pro
301 3144 344 3193 ter
358 3138 432 3209 quiid
448 3135 539 3207 magis
555 3138 611 3193 Deo
627 3153 690 3207 gra-

106 3206 161 3265 tias
179 3224 264 3281 ogere
280 3153 450 3276 inlinemus,
466 3224 551 3280 qnam
572 3212 689 3289 proptor·

99 3283 225 3337 moriem
239 3280 339 3353 ipsius.
360 3300 374 3331 o
393 3280 469 3347 ideo,
487 3295 551 3336 euru
568 3280 689 3350 plnruua

99 3352 187 3409 turba
213 3352 343 3408 lldelium
368 3356 535 3422 sequeretur
557 3366 632 3417 eum,
658 3353 687 3407 in

99 3421 145 3480 ria
157 3422 312 3480 duodecim
327 3424 476 3495 Apostolos
491 3422 566 3478 solos
581 3422 686 3478 tulitin

96 3500 223 3563 secreto,
240 3504 269 3551 et
284 3493 340 3550 iuis
365 3493 561 3550 tautummodo
586 3494 687 3550 mortis

94 3581 160 3622 snas
173 3565 352 3622 annuntiavit
367 3565 541 3638 mysterium,
552 3564 687 3636 quouiaru

94 3652 215 3709 semper
229 3636 379 3708 pretiosior
392 3638 540 3695 thesaurus
554 3636 583 3692 in
601 3636 688 3693 meli-

96 3710 202 3766 oribus
216 3707 292 3764 vasis
303 3707 466 3766 includitur.
486 3711 519 3765 Et
535 3713 579 3765 est
590 3714 689 3765 notau-

94 3781 179 3848 dunr,
190 3780 268 3851 qnod
281 3780 407 3837 Christus
424 3779 588 3837 Passionem
603 3794 684 3836 suam

93 3859 125 3907 ei
135 3857 258 3908 mortem
267 3850 373 3923 pluries
383 3850 597 3923 discipulissnis
612 3866 685 3922 prm-

92 3922 168 3979 dixit
186 3941 193 3979 ε
235 3922 319 3990 rimo,
332 3931 480 3995 postquam
503 3924 602 3977 Petrus
614 3938 684 3978 cou-

93 3994 191 4051 lessus
203 3938 257 4050 ffln
269 4009 333 4051 rium
344 3994 444 4051 Filium
465 3996 512 4050 Dei
526 4016 532 4076 ξ
547 3993 683 4075 secundo,

91 4072 249 4139 postquam
265 4068 482 4137 transfiguratus
494 4065 547 4123 iurt
561 4081 590 4119 ru
604 4080 684 4120 mon-

90 4145 122 4195 te
140 4139 271 4206 Thebon
288 4136 382 4201 tertio,
404 4136 517 4196 ibidem.
536 4145 685 4207 postquam

89 4206 684 4280 errrarrtlunatieum3quarto,inprraseuli

91 4282 182 4351 loro;
205 4282 314 4352 quinto,
336 4278 365 4336 iu
392 4284 490 4338 moute
508 4278 621 4347 oliveti,
637 4278 685 4335 di-

760 437 850 477 eans:
870 422 965 490 Scitis,
981 422 1049 491 quia
1066 424 1129 491 post
1153 417 1266 474 biduum
1288 418 1343 473 Pa-

759 494 825 548 solin
834 496 890 564 liet,
903 500 956 550 eto.
970 493 1004 548 ut
1015 492 1067 547 lroo
1081 490 1112 546 ltl
1123 497 1239 563 propter
1250 489 1341 571 plura.

760 596 794 605 -
811 564 914 629 Primo,
931 570 962 620 ut
978 562 1165 633 colloquendo
1179 577 1244 617 cum
1256 576 1341 616 caris·

759 635 838 691 simis
853 635 952 692 aminis
963 634 1020 691 suis
1033 636 1171 691 revelaret
1184 632 1238 688 ulis
1248 648 1339 688 sucre-

759 713 788 763 ta
804 724 861 763 sum
873 706 994 776 mentis;
1008 705 1076 779 quia
1087 710 1196 763 secreta
1207 704 1342 776 mysteria

758 786 822 834 suut
842 785 951 835 tautum
971 778 1126 843 maioribus
1144 775 1297 833 revelanda
1312 780 1341 830 et
1369 842 1372 851 Ι

756 849 1090 924 detegenda,cujosmodi
1107 854 1189 905 eraut
1202 845 1340 919 Apostoli.
1369 858 1377 869 ·

756 953 790 963 -
810 922 949 991 Secundo,
976 938 1010 977 ne
1034 921 1069 977 de
1098 918 1236 976 momoria
1264 919 1340 975 labe·

756 998 866 1058 rentur,
886 993 935 1050 sed
950 996 1049 1049 mortis
1062 991 1169 1063 jupiter
1183 988 1343 1047 meditatio·

756 1082 821 1122 uem
839 1065 987 1135 habereut,
1003 1062 1339 1131 uterereitatiexsperta·

755 1139 841 1206 tione,
857 1153 921 1193 euru
937 1135 1044 1192 reniret
1056 1133 1216 1218 persecutio
1232 1138 1260 1189 et
1271 1148 1339 1188 eru-

753 1207 794 1263 cis
808 1207 976 1277 ignominia,
988 1206 1098 1263 iaeilrus
1109 1206 1225 1267 terrent,
1237 1208 1265 1260 ot
1274 1218 1336 1283 'non

753 1280 936 1336 turbarentur
950 1282 1143 1345 veliementer,
1157 1279 1225 1347 quia
1243 1276 1336 1330 tribu-

752 1350 820 1406 latio
838 1349 1014 1433 praecognita
1027 1355 1056 1406 et
1070 1352 1232 1421 exspectata
1248 1345 1336 1428 levior

752 1423 912 1491 irrraurtur;
948 1422 990 1478 rel
1020 1420 1147 1477 videntes
1176 1435 1241 1475 euru
1265 1432 1335 1473 morr

752 1493 951 1565 ignominiose,
980 1510 1038 1551 uon
1061 1490 1334 1549 scandalizarentur.

751 1568 910 1635 -Tertio,
938 1575 968 1623 nt
994 1580 1052 1621 nou
1081 1563 1247 1620 dubitarent
1267 1575 1331 1618 eum

750 1644 975 1694 resurrecturum
991 1637 1064 1694 sient
1078 1635 1258 1708 predixerat,
1269 1648 1335 1689 eum

750 1708 872 1765 viderint
883 1725 927 1778 ea,
939 1725 1004 1781 quae
1014 1708 1049 1765 de
1059 1709 1193 1764 Passione
1204 1722 1254 1763 sua
1265 1720 1335 1777 prae·

749 1779 868 1848 dixerat,
879 1780 1004 1853 impieta.
1020 1809 1051 1821 -
1063 1780 1179 1848 erarto,
1190 1784 1220 1835 ut
1230 1778 1336 1859 seirent

749 1852 885 1923 quoniam
919 1853 1082 1909 Passionem
1118 1853 1270 1920 praereurt,
1293 1852 1334 1929 'et

749 1932 921 1994 spontaneus
934 1924 970 1980 ad
983 1938 1046 1979 eam
1062 1921 1191 1979 accessit.
1207 1920 1334 1986 -Qurn

749 2001 788 2054 to.
805 2003 835 2049 nt
847 2000 942 2050 esseut
954 1998 1042 2050 testes
1059 1993 1135 2063 quod
1149 1990 1273 2047 scienter
1287 2004 1336 2061 pa·

750 2070 858 2122 teretur
874 2070 902 2121 et
917 2065 1086 2130 voluntarie,
1097 2066 1193 2144 utpote
1205 2060 1251 2132 qui
1264 2075 1336 2130 prae·

749 2142 826 2192 veuit
847 2142 978 2205 mortem,
1006 2142 1034 2191 et
1058 2136 1195 2206 potuisset
1225 2132 1334 2202 iugero.

751 2212 822 2265 -u
844 2208 923 2276 stine,
945 2209 1108 2279 frequenter
1135 2202 1264 2275 praedixit
1288 2200 1331 2257 di·

749 2224 863 2353 sripuiis
894 2279 1060 2337 Passionem
1088 2292 1180 2345 snam,
1203 2291 1254 2349 per
1279 2274 1334 2331 hoo

748 2351 909 2424 signilleaus
923 2352 999 2424 synod
1015 2349 1158 2406 multoties
1173 2353 1249 2429 esset
1269 2362 1331 2428 pas·

748 2440 830 2480 surus
844 2424 871 2479 iu
883 2426 1018 2481 membris
1028 2424 1104 2490 suis;
1123 2420 1197 2476 unde
1213 2435 1243 2475 rn
1256 2418 1331 2475 uctr-

748 2495 801 2552 bus
818 2515 826 2551 :
843 2498 937 2563 Saule,
949 2496 1043 2560 Saule,
1053 2494 1123 2564 quid
1133 2507 1174 2547 me
1186 2504 1330 2571 perseque-

747 2570 811 2622 ris?
836 2569 868 2623 Et
885 2568 981 2635 Petro,
1003 2564 1171 2622 imminente
1199 2576 1332 2643 passione

747 2654 809 2707 sua,
844 2639 940 2695 dixit:
973 2637 1049 2693 Vada
1080 2637 1198 2691 Romam
1228 2638 1331 2689 iterum

747 2709 884 2781 cruciligi.
899 2710 920 2767 0
934 2708 1045 2782 quoties
1057 2712 1085 2763 ot
1095 2713 1233 2790 quantum
1243 2701 1330 2786 hodio

747 2782 884 2838 Dominus
908 2784 936 2838 in
955 2781 1053 2837 electis
1069 2793 1129 2836 surs
1146 2784 1263 2849 patitur,
1274 2789 1328 2856 our

748 2869 798 2924 per
813 2853 902 2909 malos
917 2850 1111 2921 multipliciter
1125 2852 1154 2905 et
1173 2844 1328 2903 crudeliter
1375 2920 1381 2935 Ι

747 2926 851 2996 saepius
865 2921 1047 2992 ailliguuturi

783 3016 796 3050 a
811 2997 967 3051 transsuere
983 3009 1065 3049 uocas
1080 2992 1225 3046 Passionis
1244 2989 1332 3046 Cuni-

746 3083 796 3121 srr.
837 3099 841 3103 -
871 3068 907 3121 Et
921 3068 963 3121 ait
987 3065 1047 3119 illis
1065 3058 1236 3134 speciatum,
1252 3064 1330 3143 ‘tam-

745 3153 830 3206 auam
846 3135 906 3193 suis
925 3134 1085 3192 secretariis
1100 3138 1184 3203 atque
1202 3146 1300 3188 amicis
1322 3153 1329 3187 :

745 3212 812 3265 ane
829 3209 1002 3264 ascendimus
1016 3208 1223 3273 ierosolymam,
1237 3202 1273 3259 nd
1287 3202 1330 3258 lo·

744 3296 809 3337 rum
828 3278 982 3346 Passionis,
1000 3277 1084 3347 Quasi
1104 3276 1212 3331 diceret
1236 3291 1243 3329 :
1266 3277 1330 3331 lam

743 3350 773 3408 iu
791 3359 923 3424 promptu
938 3356 982 3407 est
1005 3355 1035 3407 nt
1054 3347 1171 3421 patiar:
1194 3346 1330 3414 Quoniam

743 3424 887 3480 tribulatio
912 3426 1043 3495 proxima
1072 3425 1122 3476 est.
1152 3420 1184 3475 Et
1213 3417 1329 3475 attende

743 3498 819 3565 quod
835 3504 863 3552 ot
876 3511 970 3622 surra.
985 3494 1056 3550 ilinc
1067 3498 1163 3549 autern
1173 3489 1241 3546 iacit
1251 3505 1330 3573 ruen-

741 3568 849 3623 tionem
862 3566 897 3623 de
918 3583 968 3623 ooo
983 3562 1127 3622 Passionis
1142 3578 1210 3632 suae,
1222 3562 1330 3644 scilieet

740 3636 898 3696 Jerusalem
912 3655 919 3706 ς
936 3638 1013 3710 quia,
1028 3635 1183 3694 secundum
1203 3635 1329 3706 Scriptu-

742 3725 799 3778 ras,
816 3711 843 3765 in
860 3709 952 3767 modio
972 3714 1055 3766 terrae
1071 3712 1241 3778 operaturus
1265 3710 1327 3762 erat

741 3781 871 3837 salutem.
894 3782 981 3837 Terra
1000 3787 1096 3837 antem
1117 3778 1277 3837 Jerusalem
1294 3777 1324 3830 iu

741 3851 834 3909 medio
847 3851 946 3909 mundi
957 3855 1000 3908 est
1012 3853 1112 3922 positu.
1127 3851 1172 3907 cui
1183 3851 1218 3905 ab
1229 3846 1326 3926 Orien·

741 3930 768 3979 te
779 3923 890 3995 adiacet
904 3921 1019 3991 Arabia,
1033 3938 1096 3995 qnos
1111 3930 1239 3999 tempore
1252 3917 1327 3999 ⁸lllro·

740 4010 805 4050 rum
823 3994 908 4052 lsrael
928 3995 1050 4051 solitudo
1068 4001 1131 4050 orat
1150 3995 1320 4069 vastissima,

740 4064 769 4121 id
788 4067 997 4135 estdesertum,
1015 4079 1137 4129 eremus,
1153 4066 1230 4116 terra
1250 4073 1326 4114 rurra

740 4143 769 4194 et
790 4140 937 4210 inaquosa,
953 4137 984 4192 in
1004 4153 1060 4208 qua
1075 4131 1195 4214 eleuauit
1206 4146 1254 4185 iios
1272 4131 1323 4186 Do-

742 4210 836 4266 minus
850 4207 1041 4280 qnadraginta
1054 4220 1147 4271 aunis,
1162 4216 1268 4258 manna
1287 4200 1323 4257 ad

742 4280 971 4339 manducandum
987 4276 1028 4334 eis
1046 4275 1158 4348 pluens,
1179 4278 1207 4328 et
1220 4288 1324 4345 nquam
