2820 4928
445 286 484 341 ult
511 283 803 341 nususotrtrtots
830 284 970 339 tertul.
1281 284 1326 340 tls

92 411 183 467 agere
197 392 366 464 debeamus,
414 390 490 450 ando
504 389 549 447 vel
564 406 614 463 pro
627 405 679 447 no·

92 467 222 541 bisipsis,
238 466 281 523 rel
296 464 427 550 proelis
443 465 469 522 in
479 461 680 539 peccatistur-

92 541 172 614 piter
189 541 358 612 degentibus
380 540 466 595 Deum
489 552 613 594 oramus.
631 536 680 593 Est

93 619 196 671 autem
213 610 351 680 fremitus,
369 609 489 685 impetus
510 608 559 666 irae
579 612 680 666 contra

94 685 168 742 sitia
200 700 402 767 prorumpens;
420 680 543 741 turbatio
570 689 679 764 autem,

95 756 230 830 quaedam
250 757 338 813 tristis
363 773 424 813 cum
451 753 558 829 gemitu
583 754 679 811 cordis

97 827 260 887 commotio.
277 831 311 886 lit
328 826 395 900 quia
411 828 484 885 tides
503 827 539 884 de
554 824 678 909 Christo,

97 902 224 960 Christus
239 904 281 958 est
296 898 345 958 :in
366 900 453 959 cordo
477 897 573 957 tremit
593 898 680 956 uun-

94 980 165 1043 stus,
180 982 207 1031 et
225 974 356 1031 turbatur
374 972 405 1031 in
420 972 548 1042 homine,
565 969 680 1053 spuendo

90 1052 225 1120 peccator
233 1048 379 1116 computat
393 1044 544 1118 quoebona
558 1045 679 1114 accepit,

93 1135 158 1192 quae
174 1119 249 1176 mala
264 1115 401 1186 reddidit,
422 1116 502 1175 etde
536 1114 641 1171 occatio
652 1129 682 1171 se

90 1190 232 1265 increpat,
248 1197 278 1247 et
292 1189 488 1262 reprehendit.
527 1193 538 1244 t
553 1188 631 1243 citati
642 1184 683 1243 cis

89 1266 201 1322 iesus:
226 1262 280 1320 Ubi
302 1264 437 1333 posuistis
457 1262 540 1316 eam?
552 1261 682 1315 interro-

92 1345 155 1407 gat,
170 1351 224 1391 nec
239 1331 374 1405 ignorat·
396 1334 425 1389 iu
441 1348 496 1404 quo
511 1330 629 1404 mystice
641 1329 682 1387 in·

93 1406 160 1464 nuit
174 1423 204 1462 se
224 1376 388 1477 hujusmodi
404 1401 682 1486 peccatoremlnesci-

92 1496 137 1549 re,
158 1476 320 1551 cujusmodi
345 1494 396 1548 per
415 1477 549 1533 Lazarum
570 1474 682 1543 signill-

91 1558 184 1608 catur.
204 1549 283 1606 Unde
296 1548 336 1605 ait
350 1549 448 1605 Glosso
462 1568 472 1604 .·
486 1567 499 1600 t
512 1545 564 1616 Qui
575 1546 681 1604 absens

89 1622 174 1681 scirit
189 1626 346 1690 mortuum,
363 1618 447 1676 scirit
472 1619 518 1676 ubi
541 1624 616 1676 esset
627 1634 678 1675 se-

88 1695 197 1770 pultus
213 1692 268 1751 Sed
282 1692 323 1748 sic
338 1690 551 1762 dicens,siguat
567 1707 599 1748 se
611 1707 680 1762 qua-

90 1767 115 1824 si
126 1764 236 1824 nescire
247 1762 391 1836 perditum
407 1762 559 1821 bominem.
571 1783 585 1818 rr
599 1762 677 1821 Unde

89 1839 290 1910 inscriptura:
303 1839 363 1895 Non
372 1838 439 1892 aaut
450 1852 511 1904 oos;
524 1840 552 1892 et
563 1851 570 1892 ι
583 1836 678 1892 Adam

91 1911 141 1967 ubi
167 1914 250 1966 eet...
278 1911 376 1965 Dicant
391 1911 417 1963 ei
443 1927 451 1963 ε
475 1910 599 1979 Domine,
615 1909 680 1964 oeni

94 1988 121 2039 ot
135 1982 220 2038 vide:
239 1978 314 2037 seuit
328 1979 464 2037 Dominus
479 1997 530 2053 per
548 1996 678 2052 compas-

93 2053 218 2120 sionem,
234 2050 343 2110 stridit
360 2051 447 2110 oculis
464 2051 680 2124 misericordiae,

93 2125 175 2200 quia,
190 2128 222 2183 ut
237 2123 278 2181 ait
289 2126 473 2206 deposimus,
490 2124 567 2181 videt
583 2122 681 2182 Domi·

90 2215 159 2268 nus,
174 2197 287 2271 qnando
306 2202 467 2254 miseretur.
491 2200 528 2254 Et
544 2197 680 2257 allectum

87 2286 175 2329 suum
193 2269 328 2344 lacrymis
354 2269 574 2340 demonstrans,
599 2272 679 2327 iosus

86 2346 262 2414 lacrymatus
273 2348 324 2413 est,
333 2341 500 2399 humanitus
513 2359 546 2399 es
561 2343 678 2415 pietale3

86 2415 209 2490 mystice
215 2431 284 2472 vero
290 2414 396 2471 docens
408 2415 552 2472 hominem
563 2421 680 2488 proptor

80 2495 239 2617 gerentum
253 2486 368 2569 delibus
386 2485 525 2569 indigere,
541 2491 570 2543 ot
588 2486 677 2570 signi-

114 2576 183 2618 caus
198 2576 248 2617 eos
267 2576 314 2642 qut
334 2566 442 2631 peccati
457 2565 548 2617 morte
563 2574 679 2631 sopiun-

90 2636 151 2701 tur,
165 2635 196 2689 ut
218 2630 387 2689 reviviscere
401 2637 517 2703 queant,
535 2631 679 2704 plangen-

89 2704 146 2763 dos
162 2720 234 2761 esse.
252 2703 329 2761 Unde
344 2703 385 2760 ait
399 2706 535 2761 Alcuioua
554 2723 592 2760 :c
608 2704 679 2774 Quia

85 2776 155 2835 sone
179 2776 293 2850 pietatis
318 2782 392 2844 erat,
408 2777 495 2833 tiebat
517 2792 569 2849 pro
595 2783 677 2850 parte

86 2848 286 2916 humanitatis,
302 2864 388 2931 quem
407 2848 576 2906 resuscitare
594 2856 675 2922 pote·

84 2928 134 2979 rat
150 2926 371 2994 perpotentiam
393 2919 579 2977 divinitatis.»
598 2921 677 2978 Unda

89 3001 120 3051 et
135 2994 308 3063 depastione
327 3010 334 3048 r
352 2994 472 3061 «Quare
483 3000 579 3049 autom
601 2992 679 3049 tlovit

91 3065 234 3136 Christus,
249 3064 303 3123 nisi
317 3067 385 3138 quia
398 3065 532 3123 homiues
545 3067 615 3121 llere
630 3065 679 3121 do·

92 3137 174 3195 cuit?
190 3139 385 3210 Lacrpmemus
400 3137 408 3193 i
430 3138 489 3195 itur
504 3142 533 3194 ot
548 3153 610 3204 nos,
626 3152 678 3208 pro

91 3208 190 3279 nobis,
206 3214 235 3292 et
254 3210 384 3268 omnibus
402 3154 469 3278 iilis,
482 3225 554 3291 cruos
578 3208 608 3266 in
630 3210 643 3265 i
668 3238 679 3292 ς

90 3287 156 3339 tore
186 3286 318 3340 utrorum
344 3284 441 3355 jacere
468 3288 628 3351 seutnnus3
654 3297 679 3338 st

90 3354 166 3411 torte
179 3354 285 3412 uostris
295 3354 430 3427 lacrymis
443 3371 496 3412 uos
508 3358 536 3411 et
551 3371 600 3412 eos
620 3356 677 3411 Do·

68 3425 186 3501 ,minus
198 3430 370 3485 resuscitare
384 3427 525 3499 dignetur.
541 3447 555 3481 r
574 3428 609 3484 Ut
627 3443 677 3485 eu·

89 3502 150 3557 tem
170 3499 300 3557 nitidem
315 3501 491 3569 Aaposttaas
509 3518 516 3557 :
533 3498 678 3571 «Legitur

735 389 814 447 Unde
835 406 888 448 nec
911 406 964 462 pro
982 392 1093 457 nostra,
1113 403 1167 446 nec
1181 404 1235 463 pro
1251 387 1326 446 elio·

735 476 799 519 rum
821 464 914 521 morte
938 459 1048 519 tristari
1071 458 1222 519 debemus.
1244 460 1326 530 Quo-

736 533 820 591 modo
835 534 910 592 onim
925 535 961 592 ab
976 550 1011 592 eo
1029 531 1158 619 praemiis
1172 532 1328 591 honorabi-

737 622 811 677 mur,
825 607 861 664 ad
875 624 960 680 quem
974 622 1106 664 remmus
1118 604 1226 663 inviti?
1240 607 1325 677 Nam,

732 680 890 737 'secuudum
916 678 1080 754 Apostolum
1099 697 1106 736 :
1123 680 1259 737 Coronam
1284 680 1329 735 ‘a-

736 755 821 809 etitia
839 751 933 809 reddet
954 754 1087 810 Dominus
1110 752 1163 817 dis,
1181 754 1231 825 oua·
1278 751 1327 807 ut·

736 830 806 895 pant
826 826 974 881 aduentam
992 825 1061 896 ejus.
1079 824 1113 881 st
1136 820 1204 896 qnid
1231 828 1325 881 tanto·

736 913 805 969 pero
816 896 904 954 uitam
913 894 1118 967 desideremus,
1127 894 1158 952 ln
1169 910 1224 969 qua
1234 910 1325 969 quan·

737 975 766 1026 to
798 968 890 1042 magis
909 970 972 1043 quis
1000 966 1095 1040 luerit,
1113 972 1193 1026 tanto
1221 966 1323 1042 majori

737 1041 850 1099 sarcina
874 1047 1057 1115 peccatorum
1083 1045 1219 1099 oneratus
1246 1037 1325 1098 erili

737 1113 789 1170 Vel
813 1120 902 1179 certe,
923 1112 1060 1171 Dominus
1084 1116 1206 1170 mortem
1234 1112 1324 1186 licvit,

739 1201 825 1257 quam
851 1187 938 1243 homo
969 1184 1113 1257 peccando
1136 1182 1266 1255 incurrit,
1292 1198 1326 1243 an

739 1256 872 1317 miserias
886 1263 915 1315 et
930 1272 1072 1315 aerumnas
1083 1256 1212 1313 humano
1227 1254 1328 1330 generi

739 1346 792 1404 pro
808 1331 892 1403 culpa
905 1328 1037 1389 indictas.
1047 1329 1079 1412 Si¹
1088 1326 1166 1386 enim
1179 1333 1329 1457 peccatum

741 1419 799 1459 non
830 1400 1027 1475 processisset,
1055 1416 1118 1458 sme
1141 1400 1180 1459 du
1201 1398 1229 1458 lo
1251 1415 1330 1458 mors

741 1479 839 1531 secuta
857 1490 915 1532 non
933 1473 1054 1559 luissotf
1077 1479 1175 1532 secuta
1192 1476 1235 1531 est
1260 1486 1329 1545 ergo

738 1562 817 1603 mors
831 1546 918 1629 etiam
935 1560 1167 1621 corpoms,quam
1180 1544 1331 1621 precessit

739 1634 820 1676 mors
834 1635 948 1677 ammae.

772 1692 935 1748 ttDomsus
962 1708 1050 1751 ortus
1078 1708 1114 1749 ao
1139 1704 1326 1751 sonorantium

736 1764 837 1826 Laztnt
851 1781 914 1828 Qum
926 1782 978 1821 uos
992 1783 1095 1824 nocuas
1107 1764 1162 1822 ‘l-
1172 1767 1251 1823 lesus
1261 1778 1326 1835 erpo

734 1852 845 1893 rursum
870 1840 990 1906 lrcrneas
1015 1842 1045 1896 in
1064 1841 1220 1910 semetipso,
1236 1839 1325 1895 eliam

735 1906 900 1980 indignatus
929 1913 1030 1968 contra
1056 1909 1195 1968 malitiam
1211 1910 1324 1967 iudaeo-

736 1997 812 2051 rum,
828 1980 863 2038 de
876 1980 1024 2039 laetisonis
1035 1980 1133 2055 inique
1143 1997 1325 2039 murmuran-

736 2050 819 2117 tium,
848 2055 925 2110 oerait
951 2058 1045 2110 motus
1070 2050 1270 2111 misericordia
1296 2054 1323 2111 el

737 2124 901 2198 compulsus
926 2123 1134 2197 compassione,
1163 2124 1202 2181 od
1228 2141 1327 2181 mono·

736 2202 857 2254 moratum
868 2217 878 2266 ,·
889 2202 950 2254 erat
965 2198 1207 2270 eatemspettoteo,
1218 2197 1328 2271 etlopta

736 2272 926 2343 superpositos
945 2274 1005 2327 erat
1027 2274 1062 2328 ei.
1083 2272 1117 2328 Et
1140 2267 1244 2328 dicitur
1263 2285 1322 2328 mo·

738 2349 919 2411 numentum,
938 2342 1019 2416 quasi
1039 2359 1158 2401 mouens
1185 2346 1323 2415 mentem,

738 2414 846 2473 scilicet
859 2414 938 2472 illius
956 2413 1005 2488 qui
1018 2415 1131 2490 aspicit,
1151 2420 1183 2472 nt
1196 2431 1248 2488 pro
1260 2413 1322 2473 ani·

736 2503 784 2545 ma
808 2487 911 2558 sepulti
937 2495 1010 2559 oret,
1026 2504 1060 2546 ac
1081 2489 1116 2546 de
1142 2495 1234 2545 morte
1256 2503 1323 2560 pro·

735 2561 797 2632 pria
822 2558 998 2632 praecogitet,
1020 2566 1049 2617 et
1072 2561 1109 2617 ad
1134 2558 1264 2617 eamdem
1295 2574 1326 2615 se

735 2632 875 2702 disponat.
893 2633 1016 2689 Rursum
1034 2630 1159 2700 tremuit,
1174 2638 1205 2688 ut
1222 2629 1270 2686 det
1285 2628 1328 2687 in·

734 2704 864 2776 telligero
886 2720 937 2762 eos
955 2702 1004 2776 qui
1028 2721 1046 2761 a
1070 2702 1195 2775 peccatis
1219 2702 1326 2759 debent

734 2775 941 2850 resurgerem
971 2775 1106 2832 continuo
1129 2775 1207 2832 luctu
1233 2773 1324 2845 persi·
1377 2817 1382 2830 .

735 2858 825 2918 stare,
855 2847 1013 2905 secundum
1043 2846 1114 2903 illud
1145 2846 1323 2903 Psalmistae:

736 2925 804 2977 Toto
820 2921 866 2975 die
880 2921 1059 2974 contristatus
1071 2916 1258 2986 improdiebor.
1269 2918 1327 2973 Sae·

735 3008 771 3064 pe
799 3007 867 3062 ergo
892 3006 923 3044 se
947 2988 1039 3059 ploret
1068 2991 1217 3059 peccator,
1248 3003 1324 3060 stepo

735 3067 839 3121 l'romat
855 3059 984 3118 Christus
999 3064 1028 3115 ot
1042 3059 1173 3115 turbetur
1185 3057 1214 3115 in
1229 3059 1325 3117 homi·

735 3133 897 3265 {rebellent}
909 3129 1088 3277 rlgviriscerg.
1101 3130 1135 3260 litt
1145 3130 1235 3261 dissui
1242 3131 1323 3190 iesus

747 3224 763 3264 ο
831 3221 913 3263 arc
968 3220 1147 3277 superostu
1180 3221 1223 3268 ‚u
1259 3220 1321 3264 om·

734 3296 785 3337 nes
811 3222 941 3335 vitddreut
971 3283 1114 3335 mortuum
1140 3274 1271 3335 loetidum
1293 3280 1322 3338 et

734 3356 899 3483 corruptum
910 3369 918 3421 ;
930 3350 980 3407 sed
990 3350 1182 3408 contendebat
1192 3352 1318 3421 Mortbo,

734 3443 798 3500 qum
834 3426 919 3481 tottei
931 3424 1321 3497 :Domine.jomloetet,qao·

733 3501 883 3556 tenuante
897 3502 937 3554 est
955 3498 1037 3554 enim.
1055 3497 1196 3567 Timebat,
1209 3504 1321 3555 remoto

88 3570 238 3629 Christum
251 3588 336 3645 super
352 3574 488 3631 Lazarum
504 3572 630 3642 flevisse,
647 3573 678 3629 in
733 3572 838 3645 lapide,
853 3570 947 3645 potius
961 3569 1090 3629 ioelorem
1099 3568 1226 3640 excitari,
1236 3585 1324 3643 quam

90 3643 271 3701 emtionibus
296 3651 488 3717 pernoctasse,
518 3661 551 3702 ex
575 3645 678 3702 itinere
732 3646 851 3702 tratrem
879 3643 1056 3702 resuscitari.
1078 3641 1165 3712 Quasi
1188 3641 1321 3700 diceret:

92 3717 245 3789 fatigatum
275 3715 378 3787 luisse3
404 3733 559 3775 numnam
582 3722 678 3774 autem
708 3712 711 3795 l
734 3717 811 3774 Licet
826 3714 978 3787 aliquando
997 3714 1161 3772 resuscitati
1177 3713 1233 3770 sint
1250 3727 1324 3770 mor·

89 3788 203 3855 risisse,
215 3793 264 3845 ant
278 3734 579 3862 prosperatumiusse.
592 3811 607 3841 r
624 3791 679 3846 tiu·
708 3798 711 3839 t
735 3789 775 3846 tui
789 3792 921 3845 recenter
936 3791 1039 3859 etpost
1053 3786 1211 3860 paululum,
1227 3791 1324 3842 tamen

91 3860 128 3921 do
143 3867 174 3919 et
189 3863 397 3932 otrosostomro
413 3880 420 3918 ;
441 3882 456 3914 o
470 3862 595 3918 Flentem
614 3860 680 3934 qui·
708 3844 711 3935 i
736 3861 814 3934 quod
823 3862 882 3932 jam
895 3858 1104 3935 quatriduanus
1118 3876 1151 3916 ex
1166 3860 1323 3935 ioetorero·

90 3933 158 3990 dem
172 3933 253 3992 illum
266 3934 434 4007 frequenter
447 3932 589 4003 invenies;
599 3948 679 3990 num·
707 3942 711 4017 p
735 3933 848 3990 solutus
858 3932 1219 4002 resuscitetur,numquam
1232 3929 1274 4004 est
1286 3939 1327 3980 sto

91 4022 178 4077 quum
195 4022 263 4063 sero
280 4007 432 4075 ridentem,
447 4008 496 4064 scd
513 4024 563 4064 nec
578 4006 680 4065 leviter
708 4020 710 4047 ¹
736 4006 875 4064 auditum.
894 4007 928 4062 Et
942 4007 996 4062 boc
1019 4004 1132 4061 ridetur
1148 4008 1324 4077 prptetstsse

90 4079 194 4135 saltem
205 4079 456 4151 subriclentern,vel
471 4082 677 4152 gaudentem.»
707 4050 711 4133 i
737 4097 770 4137 ox
785 4078 976 4137 admiratione
993 4076 1154 4150 biartlnoflet
1167 4082 1229 4147 epus
1244 4080 1325 4135 igno-

90 4152 123 4207 ut
142 4158 211 4208 nota
226 4153 303 4224 quod
314 4151 452 4210 Dominus
464 4170 522 4210 non
536 4153 615 4211 berit
629 4154 679 4210 La·
708 4142 711 4225 !
737 4155 840 4224 santia,
858 4151 926 4224 quia
943 4149 1073 4222 ejusdem
1094 4144 1207 4195 virtutis
1222 4143 1264 4192 est
1277 4151 1322 4190 ro·

89 4238 191 4305 aarum
212 4229 375 4294 mortuum;
391 4225 440 4281 sed
454 4226 490 4282 ad
515 4227 599 4300 hujus
612 4225 679 4282 riter
709 4232 711 4309 J
738 4224 875 4282 suscitare
890 4225 1022 4303 recenter
1036 4218 1192 4297 mortuum,
1210 4212 1238 4264 ⁰²
1253 4221 1322 4279 qoa-

90 4296 225 4354 miserias
238 4302 268 4353 et
282 4311 427 4354 teromnas
441 4298 678 4356 resuscitandum.
708 4314 711 4327 ·
736 4297 912 4353 triduanum.
927 4293 999 4347 vute
1019 4280 1178 4344 mirabilem
1194 4293 1322 4338 amorem
