2842 4920
210 343 250 398 bt
279 344 424 398 rainero
452 342 516 397 Pto
545 344 675 399 buhlhu
703 347 741 399 ΒΤ
769 345 876 403 chrito
904 346 1043 405 anhlitu.
1074 347 1142 400 hic,
1264 350 1294 402 i'l

57 469 118 511 non
130 451 314 510 attendentes
328 451 365 509 ad
378 450 408 509 id
423 451 499 524 quod
516 451 626 509 dixerat
642 469 649 509 :
705 454 856 525 subjacens
871 452 933 512 urbi
948 454 1160 528 capharnaum,
1175 453 1239 512 ideo
1254 453 1294 512 ibi

56 529 94 583 Et
108 527 195 581 tertio
214 525 261 579 die
276 528 422 593 resnrpot3
437 529 465 580 et
484 539 578 595 neque
599 541 652 581 rox
705 527 741 582 ab
755 542 790 582 eo
802 525 925 597 exigitur
936 527 1081 583 tributum.
1092 527 1292 598 capharnaum

59 594 276 662 Patrisaudita,
290 611 382 665 neque
396 595 566 652 resurrectio
580 611 653 667 prae·
706 597 783 668 quod
810 600 880 654 citio
908 600 1123 667 consolationis,
1152 597 1196 653 vel
1226 614 1293 667 oper

57 667 190 725 nuntiata
204 666 297 739 potuit
311 683 361 724 eos
378 666 513 724 cohibere
527 684 545 723 a
559 667 650 724 tristi·
704 670 883 797 pinpuedinis
899 668 1113 741 interpretatur,
1130 673 1159 726 et
1174 668 1220 726 ubi
1240 668 1292 726 tri·

58 739 110 796 tia.
127 738 210 796 Unde
226 737 304 795 idem
318 741 501 808 Hieronymus
517 758 525 794 :
543 761 554 789 ι
572 741 651 796 Sem·
726 748 804 797 utum
832 757 850 797 a
877 741 986 799 Christo
1035 741 1131 809 etitur,
1150 740 1294 823 significat

59 827 112 885 per
120 809 268 885 prosperis
278 809 416 892 admiscet
428 809 532 878 tristia,
543 815 575 868 ut
587 826 651 868 cum
705 811 797 874 illam.
837 811 864 868 ui
889 813 938 868 dat
955 828 987 869 se
1006 757 1241 869 cstlectationrbus
1265 816 1293 869 et

59 888 181 955 repente
197 887 340 949 vonerint,
357 898 416 938 non
433 888 561 939 terreant
575 884 651 954 Apo·
706 883 815 939 solatiis
852 885 915 956 uJ'us
934 883 1044 952 mundi,
1060 900 1077 940 a
1091 900 1147 957 quo
1162 883 1293 941 diabolus

60 955 167 1023 stolos;
187 953 238 1010 sed
257 969 275 1010 a
298 953 502 1023 praemoditatis
525 955 653 1010 lerantur
706 954 776 1026 petit
791 955 928 1013 tributum
941 955 995 1013 sibi
1008 955 1081 1024 dari,
1094 963 1122 1011 et
1135 955 1179 1013 vix
1192 955 1293 1012 evadet

60 1025 176 1083 animis.
192 1024 221 1082 Si
234 1024 312 1082 enim
326 1024 476 1082 contristat
490 1025 567 1098 quod
582 1025 653 1082 occi·
706 1025 775 1096 quin
788 1027 878 1084 solvat
890 1026 1006 1097 aliquod
1021 1027 1156 1084 tributum
1172 1026 1291 1101 peccati.

61 1097 174 1154 dendus
188 1103 244 1165 est,
255 1097 342 1154 debet
356 1096 502 1154 laetillcare
517 1098 593 1164 quod
607 1096 652 1153 dic
707 1099 739 1153 Et
756 1099 923 1167 notandum,
939 1098 1015 1169 quod
1028 1098 1175 1167 drachma,
1189 1098 1292 1155 drach·

60 1168 148 1225 tertia
160 1168 265 1225 dicitur
279 1174 504 1225 resurrecturus.
519 1167 547 1225 Si
561 1167 654 1225 tristia
707 1169 909 1237 mae,lcmiuini
918 1171 1295 1240 generis‚estmonetaquae·

63 1256 179 1312 semper
195 1238 369 1309 acciderent,
391 1239 455 1311 quis
478 1240 654 1296 sustineret?
707 1239 773 1296 dam
786 1241 894 1297 habens
909 1239 1062 1310 imaginem
1075 1256 1106 1297 re
1127 1240 1162 1309 is,
1175 1246 1204 1297 et
1216 1242 1294 1297 vate·

64 1311 94 1369 Si
106 1310 329 1383 prospera,quis
342 1328 399 1367 non
412 1314 624 1368 contemneret?
638 1330 652 1363 a
707 1310 756 1368 bat
773 1311 877 1393 decem·
892 1327 1023 1392 nummos
1042 1257 1164 1378 usuaies,
1184 1311 1219 1367 de
1240 1327 1296 1383 qua

65 1384 131 1439 haec
153 1385 343 1452 Hieronymus.
360 1385 400 1439 At
418 1385 464 1439 iili
488 1383 654 1451 ignorabant
708 1382 737 1438 in
758 1383 830 1438 Luca
850 1382 955 1439 dicitur
970 1399 977 1438 :
995 1384 1059 1450 Qoae
1077 1384 1176 1438 mulier
1194 1383 1296 1438 babens

65 1455 265 1519 oabnmiilnd,
273 1454 382 1511 scilicet
390 1454 426 1511 de
434 1455 496 1526 ejus
506 1453 653 1523 Pessime,
707 1454 853 1510 drachmas
866 1455 966 1522 decem,
980 1463 1033 1510 etc.
1051 1457 1132 1522 Item,
1146 1459 1190 1511 est
1204 1469 1295 1537 genus

65 1532 93 1581 et
104 1531 166 1580 crat
175 1528 293 1582 celatam
307 1533 374 1581 ante
388 1542 441 1594 eos,
458 1533 490 1582 nt
503 1543 557 1583 non
572 1528 654 1581 senti·
707 1525 853 1596 ponderis,
863 1531 892 1582 et
903 1524 942 1581 sic
952 1525 1092 1608 accipitur
1102 1525 1132 1581 in
1143 1525 1293 1583 medicina.

62 1603 126 1653 rent
149 1599 233 1660 iilud,
252 1603 365 1670 aperte3
386 1597 474 1669 quod,
498 1597 654 1654 secundum
709 1598 763 1654 Sed
779 1597 889 1666 drama,
901 1597 1049 1665 dramatis
1063 1597 1154 1654 neutri
1169 1597 1293 1666 generis,

62 1670 178 1737 bedam,
208 1685 266 1725 non
292 1673 351 1725 tam
380 1666 489 1751 ingenii
508 1667 653 1738 tarditate,
709 1673 752 1724 est
766 1684 855 1740 genus
872 1667 1016 1736 carminis,
1030 1667 1078 1726 ubi
1093 1668 1141 1725 alii
1156 1668 1295 1751 incipiunt

63 1740 201 1823 quamde
219 1738 266 1812 pio
287 1741 443 1797 salvatoris
469 1756 566 1796 amore
585 1755 654 1796 con·
709 1745 737 1795 ct
763 1739 817 1796 alii'
840 1740 1025 1812 respondent,
1053 1747 1081 1796 ct
1109 1739 1148 1795 sic
1168 1741 1293 1799 dicitur:

63 1817 105 1868 tm
145 1813 194 1868 bat
220 1829 228 1867 :
255 1811 323 1883 quia
349 1811 478 1869 carnales
507 1811 600 1868 adhuc
626 1815 655 1866 et
708 1813 807 1867 Dnloio
820 1815 928 1868 cantico
940 1813 1078 1867 dramatis
1100 1811 1295 1880 ltem,drach·

65 1900 99 1939 ru
122 1899 153 1939 es
169 1899 202 1939 ac
215 1882 343 1955 mysterii
360 1883 452 1940 crucis
464 1881 556 1955 ignari
571 1881 655 1955 spiri·
709 1898 756 1938 ma
781 1888 824 1939 est
847 1888 951 1966 quarta
972 1899 1038 1956 pars
1058 1882 1186 1951 stateris;
1207 1888 1296 1939 stater

62 1953 156 2011 tualia
183 1971 241 2011 non
264 1954 424 2026 capientes,
447 1969 655 2026 quamverum
709 1969 777 2010 vero
793 1959 836 2010 est
853 1956 928 2011 idem
943 1955 1019 2026 quod
1034 1953 1129 2022 siclus,
1145 1953 1193 2026 qui
1209 1954 1296 2010 habet

66 2027 158 2082 Deum
173 2027 395 2097 cognoscebant,
406 2025 577 2082 moriturum
593 2041 654 2081 cre·
709 2024 809 2096 viginti
821 2026 931 2092 obolos,
939 2024 1193 2096 cujusdidrachma
1202 2024 1297 2082 media

65 2097 136 2153 dere
169 2097 345 2170 nequibant;
375 2113 427 2154 nec
456 2096 655 2168 intelligebant
709 2112 786 2169 pars,
804 2102 832 2154 et
845 2097 981 2153 drachma
996 2100 1098 2169 quarta
1109 2111 1175 2168 pars
1192 2103 1252 2164 est;
1268 2100 1297 2152 et

67 2168 214 2240 quomodo
224 2168 253 2224 iu
264 2185 321 2225 uua
331 2166 545 2240 personamori,
555 2173 584 2224 et
597 2184 654 2224 non
709 2169 774 2224 ideo
794 2184 867 2225 unus
887 2172 976 2224 stater
992 2168 1151 2225 sultlciebat
1170 2167 1206 2226 ad
1221 2167 1297 2225 solu·

66 2239 141 2296 mori
156 2244 278 2311 poterat.
290 2243 327 2296 Et
341 2246 436 2297 tamen
447 2240 580 2296 timebant
595 2256 654 2294 enm
708 2239 817 2296 tionem
830 2255 882 2311 pro
896 2240 1020 2307 duobus;
1036 2239 1102 2323 quia
1114 2239 1219 2297 taxatio
1233 2254 1297 2295 cen·

65 2314 241 2380 inomopore
258 2311 292 2367 de
311 2313 360 2368 hoc
375 2313 465 2368 verbo.
480 2311 597 2368 Galilaea
613 2312 654 2367 in·
710 2327 757 2367 sus
774 2318 835 2368 erat
850 2310 1027 2380 didrachma,
1043 2313 1072 2368 rd
1088 2318 1132 2368 est
1146 2309 1293 2376 denarius,

65 2388 243 2455 terpretatur
255 2384 394 2448 colabilis,
409 2382 525 2452 etideo,
539 2398 590 2454 per
602 2382 655 2438 hoc
708 2385 757 2454 qui
776 2399 828 2464 pro
851 2383 942 2455 capito
964 2385 1136 2440 solvebatur.
1154 2383 1244 2450 Unde,
1264 2386 1295 2437 ut

65 2454 144 2526 quod
154 2453 292 2512 Dominus
302 2453 341 2512 ibi
349 2454 480 2528 praedixit
488 2453 656 2510 Passionem
708 2461 848 2526 sequitur,
865 2460 954 2511 stater
968 2454 1003 2511 de
1022 2470 1071 2511 ore
1092 2453 1176 2536 piscis
1197 2450 1295 2510 allerri

64 2541 150 2583 suam
163 2525 320 2599 discipulis,
329 2525 500 2598 significavit
512 2526 589 2598 quad
600 2540 657 2581 me·
705 2526 831 2598 jubetur.
856 2527 973 2596 Obolus,
993 2531 1024 2582 ut
1048 2525 1160 2591 dicitur,
1183 2525 1296 2582 ualebat

65 2613 164 2655 mores
179 2613 244 2654 esse
262 2597 398 2655 debemus
417 2596 518 2654 mortis
538 2595 654 2665 Christi,
707 2603 816 2654 mutum
833 2603 968 2669 quantum
992 2613 1067 2654 unus
1107 2613 1191 2654 arvus
1212 2601 1294 2653 turo·

64 2669 204 2726 acetiam
221 2675 338 2739 nostrae,
358 2667 494 2740 quamdiu
511 2667 656 2725 sumusin
707 2668 824 2737 nensis,
859 2685 979 2740 quorum
1015 2670 1071 2727 duo
1093 2668 1165 2725 ecim
1199 2667 1294 2723 valent

63 2740 244 2798 volubilitate
257 2740 407 2814 praesentis
421 2740 496 2797 ritae.
709 2756 795 2797 unum
823 2746 1011 2798 turonensem
1039 2755 1182 2868 grossum,
1201 2745 1229 2796 et
1253 2737 1294 2819 sic

100 2815 311 2870 aleramnus
330 2813 448 2870 Cunrsro
466 2828 603 2869 axroiron.
621 2843 656 2856 -
708 2811 826 2883 quilibet
836 2812 1001 2885 capitaneus
1011 2828 1042 2869 so
1056 2813 1139 2869 vebat
1148 2814 1295 2868 annuatim

63 2888 177 2942 Etcum
193 2887 331 2941 emissent
348 2886 554 2957 capharnaum,
569 2901 657 2941 cocos-
708 2883 787 2954 quasi
803 2884 902 2940 decem
915 2890 1085 2940 turonenses
1100 2897 1212 2954 parvos.

63 2961 170 3025 serunt,
191 2958 242 3027 poi
269 2957 434 3013 didrochmo
461 2956 655 3026 accipiebant,
743 2955 892 3010 asnuurm
910 2971 1016 3009 rursum
1031 2971 1059 3009 m
1079 2970 1163 3009 seusu
1184 2970 1294 3011 aonam.

66 3034 215 3083 exactores
226 3025 334 3085 scilicet
347 3027 519 3085 tributorum
532 3042 564 3083 ex
574 3033 655 3098 parte
708 3054 743 3067 -
757 3024 894 3080 Dominus
910 3030 1005 3081 autem
1018 3025 1071 3080 hoc
1085 3023 1161 3095 quod
1176 3022 1212 3079 de
1226 3022 1295 3097 peti·

68 3096 191 3154 moeris
201 3098 328 3170 lugenti,
341 3100 379 3154 od
391 3101 512 3168 Petrum,
524 3097 602 3170 quia,
614 3116 655 3157 se·
708 3097 787 3152 tione
801 3094 899 3152 tributi
916 3099 999 3152 Petro
1015 3095 1120 3152 dictum
1135 3101 1197 3152 erat
1210 3093 1295 3152 intel·

71 3169 195 3225 cundum
207 3171 413 3240 Hieronymum,
430 3184 490 3242 prae
508 3169 656 3241 signorum
708 3167 809 3249 ligans,
821 3166 897 3223 misit
907 3183 973 3224 eum
984 3167 1020 3223 ad
1035 3182 1124 3231 mare,
1133 3174 1164 3223 ut
1178 3168 1295 3224 hamum

67 3238 266 3310 magnitudine
291 3256 349 3298 non
370 3241 514 3298 audebant
537 3242 655 3314 aggredi
709 3243 844 3298 mitteret.
860 3244 888 3296 et
896 3239 1002 3312 piscem
1016 3239 1063 3311 qui
1075 3239 1184 3311 primus
1196 3255 1296 3296 ascen·

66 3309 232 3381 Dominum,
247 3317 274 3368 et
289 3312 422 3369 dicerem
444 3315 496 3371 ei:
521 3315 656 3381 Magister
708 3311 799 3380 deret,
826 3310 855 3368 id
882 3316 924 3367 est
951 3327 1035 3384 quem
1064 3317 1188 3383 caperet,
1215 3311 1296 3369 illum

64 3389 154 3439 noster
175 3398 231 3439 non
252 3384 336 3440 soluit
356 3384 541 3439 didrachmo?
567 3384 653 3453 Quasi
708 3383 744 3439 de
754 3398 829 3455 aqua
840 3382 962 3446 tolleret,
974 3388 1001 3439 et
1011 3388 1146 3439 staterem
1154 3384 1296 3440 valentem

67 3453 199 3511 dicerent
213 3470 222 3510 t
238 3453 327 3511 Diaei
342 3460 374 3512 ut
387 3454 492 3523 solvat;
504 3471 562 3511 non
574 3456 657 3513 lacie-
708 3454 763 3511 dun
772 3454 1018 3526 didrachma‚quae
1027 3452 1174 3512 dimidiam
1183 3456 1296 3512 unciam

63 3524 136 3583 bant
164 3524 339 3583 mentionem
362 3526 397 3583 de
422 3525 573 3598 apostolis,
588 3527 656 3600 quia
708 3525 825 3592 iaciunt,
842 3527 877 3583 de
892 3544 942 3583 crc
957 3528 1018 3598 eJ'us
1033 3542 1157 3593 sumens,
1173 3542 1225 3599 pro
1241 3529 1296 3583 Do·

63 3613 123 3653 non
151 3595 330 3668 accipiebant
358 3596 412 3654 nisi
441 3612 459 3653 a
487 3598 653 3668 capitaneis.
709 3596 785 3653 mino
799 3604 828 3654 et
842 3613 893 3670 pro
909 3615 940 3655 se
953 3603 1085 3654 solveret.
1101 3600 1139 3654 Ex
1153 3614 1209 3668 quo
1224 3597 1294 3654 divi-

64 3668 269 3739 capharnaum
286 3672 350 3726 erat
370 3667 470 3725 civitas
490 3668 656 3743 principalis
708 3668 781 3724 uitas
797 3670 859 3741 eius
874 3670 977 3751 patuit,
993 3686 1056 3727 cum
1074 3670 1168 3727 lutura
1184 3669 1296 3726 contin·

61 3738 94 3796 in
109 3737 239 3806 Galilaea,
252 3742 282 3796 et
295 3740 359 3797 ideo
368 3738 408 3796 ibi
423 3742 587 3805 manebant,
605 3743 654 3812 qui
708 3740 804 3810 genita
815 3741 1051 3798 certitudinaliter
1064 3741 1204 3814 praedixit.
1216 3740 1296 3798 Unde

62 3809 207 3867 tributum
221 3808 393 3882 colligebant
407 3827 440 3868 ex
455 3818 535 3884 parte
551 3814 654 3870 Roma·
708 3814 913 3881 hieronymus:
934 3833 948 3866 n
967 3813 1039 3880 Quid
1061 3814 1184 3895 primum
1206 3812 1296 3869 miror

63 3897 181 3949 norum,
197 3880 302 3953 quibus
316 3883 416 3943 Judaea
432 3889 493 3939 erat
511 3885 653 3949 subacta:
708 3882 755 3938 hic
767 3883 874 3952 nescio,
888 3900 923 3940 an
937 3891 1120 3955 praesentiam
1135 3885 1249 3941 stateris
1263 3883 1293 3939 in

62 3959 93 4010 et
124 3952 226 4010 uilibet
238 3952 404 4026 capitaneus
415 3953 517 4011 domus
529 3970 560 4010 so
574 3957 657 4012 rebat
708 3970 759 4010 are
791 3954 866 4022 iscis,
879 3971 917 4012 an
932 3956 1158 4028 magnitudinem
1172 3954 1293 4024 virtutis,

63 3968 248 4107 digracbma,
265 4023 295 4081 id
313 4029 358 4108 est
375 4026 478 4097 duplex
503 4025 654 4095 drachma;
709 4025 735 4107 si
748 3969 789 4107 aqi)
800 4026 918 4083 verbum
936 4028 997 4100 ejus
1016 4044 1079 4109 mox
1095 4032 1184 4108 stater
1201 4026 1295 4107 inore

62 4101 93 4153 et
108 4111 140 4152 xn
155 4095 294 4153 solvendo
308 4096 437 4154 dicebat:
449 4099 506 4168 Ego
520 4097 658 4168 profiteor
709 4098 1200 4170 pisciscreatusesttaSprrrtuahtcr,
1209 4112 1296 4168 piscus

61 4183 110 4225 me
125 4183 192 4225 esse
207 4167 262 4225 sub
279 4170 408 4226 Romano
423 4169 606 4240 Imperatore.
623 4170 656 4225 Et
709 4175 753 4226 est
776 4170 916 4240 Christus,
941 4186 1019 4226 marc
1039 4169 1171 4236 muudus,
1192 4169 1294 4225 hamus

61 4239 132 4314 quia
145 4238 289 4298 Dominus
303 4237 429 4298 nutritus
442 4244 505 4298 erat
521 4239 551 4297 in
567 4242 656 4297 Naza-
710 4257 797 4310 mors,
814 4247 903 4299 stater
925 4240 1055 4298 inventus
1080 4237 1109 4294 in
1134 4254 1184 4295 ore
1209 4238 1296 4312 piscis

59 4313 144 4383 reth,
174 4311 253 4385 quod
281 4316 328 4370 est
355 4309 492 4385 oppidum
520 4311 655 4382 Galilaea,
708 4315 832 4387 pretium
841 4309 1044 4383 redemptionis
1052 4316 1157 4369 nostras
1166 4328 1299 4385 praenun-
