2820 4928
131 378 175 433 tut
483 364 641 421 studius
667 362 790 419 rantis
815 364 921 417 uitur
950 364 1027 417 xxv

129 490 187 548 tur,
199 478 336 553 iniuriam
349 475 460 534 Christo
473 470 595 539 iaciuut;
609 470 645 527 de
658 468 718 542 qui·
771 484 834 541 quai
848 471 942 551 linunt
955 484 971 526 a
987 474 1089 551 mente
1110 474 1267 554 tamquam
1279 472 1357 543 capitii

131 556 185 614 hus
202 551 374 615 dictumest,
395 545 470 618 quod
485 560 535 617 per
549 559 598 599 cos
613 556 719 599 nomeu
770 547 903 613 amputo,
916 556 947 598 in
957 540 1138 624 obsequium
1150 542 1208 599 Dei
1218 550 1355 617 retorquet.

131 625 182 685 Dei
192 623 413 693 blasphematur.
427 617 455 675 si
468 632 519 688 por
532 614 602 672 talos
614 629 719 670 nomon
772 613 851 670 Unde
876 613 906 669 in
929 614 1057 669 Canticis
1091 630 1099 669 :
1135 615 1303 701 Vatiniorum
1324 632 1358 672 ip

131 696 182 756 Dei
199 693 423 764 blasphematur,
438 704 490 761 per
506 688 597 745 bonos
615 700 719 741 nomen
747 714 751 755 2
771 700 869 755 oneum,
884 699 961 741 soror
970 700 1186 772 meo,·sponso,
1198 704 1234 773 ‚¹¹¹
1249 705 1300 743 nno
1309 704 1359 773 piu·-

132 764 183 827 Dei
197 765 339 823 laudatur.
353 760 426 819 Audi
438 758 605 832 Apostolum
619 774 627 813 c
644 758 720 815 Chri-
747 766 750 815 t
772 759 860 814 lorum
870 763 989 825 tuorum,
1002 762 1028 812 et
1039 773 1074 812 in
1088 774 1147 813 uno
1158 775 1242 815 enne
1252 761 1312 816 cotti
1321 768 1361 827 tui,

135 841 173 897 sti
191 835 296 908 inquit,
311 835 396 891 donus
410 833 477 889 odor
490 833 633 898 sumuntur
646 830 720 884 omni
747 828 750 879 Ι
771 829 826 885 hoc
841 832 893 897 est,
909 828 1028 885 caritate
1040 828 1174 887 ntiecisti
1190 846 1250 899 me,
1264 838 1362 905 propter

132 879 200 968 loci).
220 906 329 967 Dicitur
347 910 376 962 et
394 902 425 962 iu
444 902 567 962 Canticis
589 900 718 959 Cantico-
747 886 750 949 i
773 899 982 972 simplicitatem
1007 899 1172 957 oculorum
1196 906 1310 960 tuorum
1330 918 1362 959 nc

131 998 217 1040 ruiu:
236 982 409 1049 Unpneotitni
426 978 543 1047 oporam
561 988 658 1029 nomen
676 976 719 1028 tu·
747 976 751 1066 Ι
773 972 1036 1044 contemplantium,
1053 974 1086 1055 et
1100 978 1232 1055 propter
1245 972 1362 1057 simplici.

132 1070 179 1111 nm
195 1073 204 1109 r
219 1073 234 1104 »
249 1051 504 1119 haecAupitsttnno.
518 1043 571 1103 Ubi
585 1050 613 1101 et
626 1044 720 1100 Dodo:
773 1050 861 1100 tatem
883 1050 997 1101 tuarum
1018 1048 1255 1126 cogitationum,
1269 1062 1362 1129 quain

134 1148 151 1179 ii
164 1122 279 1197 llystice
293 1127 401 1190 autom,
416 1122 479 1177 haec
493 1116 607 1175 dovotio
623 1114 721 1172 diaria
775 1130 821 1172 me
844 1115 976 1173 continue
1001 1115 1191 1188 diriguntur.
1223 1120 1281 1177 lloc
1303 1132 1363 1175 enin

130 1195 254 1255 Domino
269 1192 470 1259 ministrantis,
485 1191 572 1247 iidem
586 1204 620 1245 iic
633 1187 723 1260 piutit-
774 1188 859 1244 modo
875 1186 1033 1244 devotionis
1047 1188 1223 1261 extergitur
1234 1208 1252 1247 a
1265 1190 1364 1274 pedihus

130 1272 191 1326 tom
210 1264 342 1351 designat
362 1262 495 1321 Ecclesiin
515 1268 633 1328 sanctie,
656 1275 720 1330 quin
775 1258 879 1316 Christi
892 1256 1028 1331 quidquid
1041 1258 1132 1317 ineis
1143 1266 1193 1318 est
1205 1260 1363 1319 lassitudinis

132 1335 259 1413 loquitur
272 1354 303 1395 in
320 1338 427 1394 amoris
446 1332 572 1401 cantico,
591 1331 690 1388 dicens
712 1346 719 1386 :
749 1358 752 1415 ἰ
774 1336 804 1387 et
818 1330 970 1413 tarditatis,
986 1330 1093 1402 quibus
1105 1330 1147 1389 ad
1159 1348 1217 1391 nos
1229 1332 1362 1407 aliquando

130 1414 204 1469 Dum
222 1416 290 1468 esset
309 1425 360 1465 rea
377 1410 409 1463 in
427 1406 555 1463 occubitu
572 1418 633 1471 ono,
652 1416 720 1459 nor·
750 1428 753 1475 l
775 1403 870 1460 tardat
883 1418 990 1459 venire.
1003 1404 1037 1459 Et
1050 1404 1225 1463 notandum
1240 1406 1313 1479 quod
1324 1406 1362 1462 hit

131 1483 185 1540 dus
198 1499 259 1539 meo
275 1480 354 1537 dedit
367 1478 476 1535 odorem
490 1491 581 1532 suurn.
596 1476 666 1542 Quis
682 1472 723 1530 ui·
751 1486 753 1499 ·
775 1474 833 1543 die,
850 1473 957 1531 scilicet
971 1474 1093 1532 sabbato
1108 1482 1187 1533 ante
1210 1494 1305 1536 ramos
1317 1478 1362 1534 rit

133 1553 238 1611 mirum
252 1552 350 1620 rerba,
365 1554 393 1605 et
405 1547 493 1605 semol
502 1548 583 1618 juxta
597 1545 722 1602 litteram
776 1560 896 1609 marum,
912 1560 968 1629 quo
982 1545 1074 1604 Maria
1091 1547 1170 1631 lavit
1184 1550 1276 1623 pede,
1291 1556 1362 1633 ρῳ.

133 1626 266 1683 manibus
285 1620 382 1679 tlariae
400 1616 563 1692 complevit,
580 1621 609 1673 ct
628 1616 721 1689 quoti-
797 1625 827 1674 nt
844 1620 955 1675 Domini
976 1625 1142 1690 unguento,
1161 1636 1194 1677 in
1210 1636 1362 1679 memorium

133 1694 180 1753 die
196 1694 228 1752 in
246 1692 381 1751 omnibus
403 1692 462 1747 suis
481 1687 617 1745 membris
636 1687 721 1760 spiri·
776 1634 863 1761 Eujm
886 1689 938 1757 rei,
954 1691 1056 1747 eodem
1083 1692 1227 1765 sabbato,
1245 1693 1364 1751 Dominus

131 1764 246 1825 tualiter
255 1764 375 1894 implero
386 1779 444 1819 non
455 1759 571 1825 desiuit,
584 1775 649 1832 quae
661 1765 721 1816 toto
779 1763 856 1834 Papa
869 1761 1016 1818 consuevit
1030 1778 1153 1833 vacare,
1184 1770 1217 1822 et
1233 1763 1365 1823 intendere

132 1837 237 1897 diliusa
258 1853 291 1894 or
311 1852 328 1892 e
352 1833 522 1905 gloriantur,
543 1839 572 1888 et
595 1831 693 1888 dicunt
714 1848 721 1887 :

132 1912 187 1969 Doo
201 1914 294 1966 nutem
308 1909 417 1978 oratius
435 1908 484 1978 put
500 1919 607 1976 seinper
622 1906 721 1961 trium·

131 1984 267 2058 plantans
286 1983 317 2037 in
337 1978 447 2038 Christo
469 1980 545 2046 Jesu,
566 1981 593 2031 et
614 1976 723 2032 odorem

131 2057 238 2113 notitia
249 2069 305 2111 sna
315 2053 479 2119 monifestat
488 2065 539 2122 per
550 2064 599 2103 nos
609 2049 723 2104 inomni

134 2126 203 2197 loco,
223 2128 292 2197 quio
315 2126 419 2182 Christi
440 2123 525 2177 honus
542 2120 609 2175 odor
628 2134 723 2201 sumtis

133 2200 198 2255 Deo.
208 2197 384 2265 Quicumque
390 2192 549 2318 potentiam
561 2190 663 2247 divinae
671 2207 725 2246 vir·

134 2267 204 2325 tutis
218 2268 363 2339 ejusque
380 2264 387 2319 i
400 2263 420 2319 li
435 2277 564 2319 unacum
576 2264 658 2318 Patro
669 2267 722 2330 est,

135 2338 224 2411 digua
244 2332 406 2393 reverentia
430 2334 599 2414 confitetur,
613 2334 722 2414 laudat,

135 2416 164 2466 ct
176 2406 311 2480 praedicat
335 2408 420 2533 caput
434 2405 561 2476 prolecto
579 2404 655 2461 illius
669 2422 723 2461 un·

136 2485 243 2554 guento
258 2495 309 2551 per
322 2494 359 2533 un
381 2475 402 2532 it
418 2475 552 2549 pretioso.
567 2476 637 2532 Cum
658 2493 724 2533 vero

135 2557 289 2625 assumptae
298 2546 725 2622 mysteriahumanitatis,aeque

137 2622 226 2707 digna
244 2619 407 2703 reverentia
429 2619 556 2690 suscipit,
584 2619 614 2675 in
637 2624 725 2702 pedes

140 2704 240 2767 utiquc
258 2692 372 2751 Domini
389 2698 566 2764 unguentum
582 2695 663 2747 nardi
680 2708 724 2763 pi-

137 2766 240 2827 sticum
260 2765 289 2821 id
302 2770 346 2822 est
356 2764 452 2832 fidele,
461 2780 494 2820 ac
506 2779 603 2819 verum
612 2763 725 2835 pertun·

137 2839 191 2910 dit,
208 2809 256 2911 qui
272 2836 350 2893 illam
365 2836 427 2908 ejus
447 2841 578 2917 naturam
598 2851 654 2907 qun
665 2840 724 2916 ter·

136 2927 200 2970 ram
215 2908 391 2981 contingere,
410 2908 462 2964 hoc
483 2915 526 2963 ost
540 2912 621 2990 inter·
634 2908 725 2963 homi-

136 3000 189 3042 nes
204 2979 366 3040 conversari
382 2979 515 3051 diguatus
529 2985 582 3045 est,
595 2994 641 3050 pin
656 2994 727 3050 prae-

137 3053 281 3112 ditatione
295 3052 486 3120 commendat,
501 3051 537 3107 ad
553 3050 663 3106 deuotis
679 3067 725 3132 yc-

138 3132 258 3185 neratur
273 3122 428 3196 ohsequiis.
445 3125 550 3179 Domus
565 3128 660 3179 autem
677 3137 728 3178 im·

138 3198 216 3271 picta
238 3201 283 3254 est
306 3211 340 3251 ex
362 3195 450 3251 odore
473 3198 624 3265 unguenti,
651 3194 727 3265 quod

138 3269 281 3342 significat
299 3265 418 3323 odorem
440 3265 600 3322 sanctitatis
623 3266 727 3322 Christi

139 3339 274 3412 implesse
285 3337 450 3403 Ecclesium,
464 3337 500 3392 ad
513 3353 598 3408 quem
610 3337 727 3393 odorem

140 3426 242 3467 omnes
253 3406 415 3465 festinant.»
427 3407 478 3463 Ubi
489 3413 575 3463 ctiam
588 3408 727 3477 Oripeiies:

142 3502 157 3534 ii
170 3480 221 3549 Qui
235 3480 431 3549 eleemosynas
444 3484 472 3533 et
484 3477 541 3534 alia
553 3478 728 3550 hujusmodi,

141 3552 251 3626 quiead
266 3548 417 3607 utilitatem
430 3548 580 3605 hominum
595 3550 677 3618 liunt,
691 3552 730 3608 iii-

143 3624 182 3682 cit
196 3622 225 3680 in
240 3619 427 3691 Christianos,
442 3622 530 3703 peiles
551 3620 662 3678 Domini
679 3640 730 3705 un·

143 3698 195 3781 giu
212 3694 261 3767 qui
282 3699 377 3750 autem
393 3693 517 3749 castitati
536 3693 642 3764 studot,
658 3698 686 3751 et
701 3711 731 3750 m

138 3769 257 3842 iejuniis
278 3770 306 3822 et
325 3764 504 3822 orationibus
524 3773 685 3837 pormanet,
703 3771 733 3823 et

140 3839 243 3899 ceteris
265 3853 329 3910 quie
350 3842 459 3893 tantum
479 3837 516 3894 ad
535 3837 658 3909 gloriam
683 3837 732 3894 Doi

141 3912 307 3988 proliciunt,
318 3907 399 3980 ungit
409 3915 493 3980 caput
504 3909 620 3967 Christi.
638 3913 732 3979 shut,

142 3984 274 4042 doctrina
290 3997 354 4055 quae
371 3979 534 4036 necessariis
550 3988 591 4037 est
610 3982 734 4037 homini·

141 4056 205 4126 bus,
213 4057 315 4112 esthon
325 4057 574 4132 unguentumquo
583 4054 669 4124 pedes
680 4056 735 4111 Do·

143 4126 213 4186 mliii
233 4132 394 4200 unguntum
409 4122 518 4196 agnitio
540 4132 636 4181 autem
657 4125 734 4196 fidei,

144 4216 208 4274 quic
221 4200 258 4256 nil
272 4199 366 4255 solum
376 4196 500 4271 pertinet
511 4197 612 4266 Deum,
628 4202 672 4253 est
683 4213 736 4254 un-

164 4279 354 4342 uentumque
375 4285 415 4327 un
435 4268 494 4326 itur
509 4273 596 4341 caput
618 4269 734 4327 Christi.

181 4340 257 4416 pillis
270 4347 366 4404 autem
436 4342 609 4414 esextmgit,
621 4342 672 4415 qui
688 4357 733 4411 ea,

777 1833 959 1905 pauperibus,
971 1833 1068 1890 dando
1082 1834 1144 1892 illis
1155 1838 1222 1894 elec
1238 1852 1365 1910 mossur-⁸.

778 1913 864 1976 atque
883 1918 981 1961 eorum
995 1904 1084 1977 pedes
1106 1906 1257 1979 lavand03
1276 1924 1365 1989 paupe·

780 1993 826 2033 res
840 1975 919 2033 enim
935 1982 1001 2033 sunt
1013 1977 1103 2049 pedes
1121 1978 1243 2037 Domini
1258 1982 1367 2039 sedentis

780 2048 1366 2117 incislo,adhucileamhulantesintciri.

780 2121 811 2177 ln
824 2134 905 2175 coeiia
920 2120 996 2176 enim
1011 2120 1142 2192 Domini,
1159 2132 1285 2197 propter
1297 2122 1366 2181 oit'irii

781 2190 1019 2262 magnitudinem,
1034 2193 1072 2249 ad
1087 2194 1146 2251 hoc
1162 2212 1223 2252 nou
1242 2204 1320 2253 rarat
1330 2194 1367 2252 in-

780 2263 910 2331 tendere,
924 2268 951 2319 et
965 2265 1135 2322 mundatum
1152 2266 1314 2325 celebrare.
1327 2268 1368 2325 Cu·

778 2335 825 2407 jus
840 2334 881 2390 rei
897 2335 1094 2408 occupatione,
1112 2339 1223 2396 cadem
1240 2340 1289 2397 die
1304 2336 1368 2397 stiti-

782 2422 867 2463 onem
891 2407 927 2463 nd
951 2411 1068 2465 missam
1090 2410 1306 2471 celebrandam
1323 2426 1369 2469 nou

782 2477 860 2546 tacit,
877 2477 951 2535 sicut
965 2477 1068 2536 ceteris
1087 2480 1196 2540 diehus
1210 2484 1370 2555 Quadriiu-

782 2553 861 2606 simae
876 2551 970 2607 lacero
987 2552 1156 2623 cousuevit3
1171 2559 1202 2611 et
1222 2556 1290 2613 ideo
1304 2558 1372 2613 satit

782 2623 836 2678 hoo
848 2623 998 2679 sabbatum
1009 2628 1154 2695 apruprio
1166 2626 1271 2685 missae
1280 2628 1372 2685 officio.

819 2698 833 2748 5
852 2695 1011 2751 lnuionirio
1031 2712 1064 2751 ετ
1079 2711 1199 2755 uunuun
1217 2702 1299 2758 Juns
1312 2702 1372 2757 lsoi·

783 2766 1372 2839 moins.-lndignahaturautometmur

784 2839 915 2894 murabnt
927 2836 961 2894 de
975 2839 1029 2895 hoc
1039 2840 1116 2896 iacto
1133 2842 1239 2901 ‚llariae
1253 2844 1337 2901 ludus
1350 2844 1372 2899 l·

781 2912 923 2978 scariotes,
935 2908 984 2981 qui
997 2912 1092 2968 dicit:
1096 2952 1155 2970 .....
1171 2916 1286 2987 thuid
1296 2914 1374 2989 perdi

783 2983 821 3036 tio
842 2983 899 3036 isto
914 2986 1048 3051 nnpuunti'
1069 2985 1150 3051 locta
1176 2989 1242 3044 esti
1266 2988 1373 3045 Putabat

783 3051 859 3108 enim
882 3062 1060 3111 unrucntum
1084 3056 1250 3128 perditum,
1271 3066 1373 3133 propter

783 3125 838 3205 hoc
852 3095 937 3195 <pinni>
946 3141 1003 3182 unii
1022 3127 1150 3185 habehat
1169 3131 1254 3201 apud
1272 3148 1302 3189 se
1317 3144 1372 3203 pic·

783 3204 870 3264 tium;
887 3199 915 3252 in
932 3214 988 3267 quo
1002 3200 1090 3256 ucrho
1106 3215 1165 3257 uon
1182 3202 1281 3260 solum
1295 3200 1372 3259 incre

784 3267 869 3340 pahat
887 3267 1046 3339 mulierem,
1065 3287 1157 3343 quare
1173 3273 1233 3331 huc
1253 3274 1369 3333 iacieliit.

784 3339 833 3395 sed
848 3344 877 3395 et
888 3340 1033 3399 Christum
1050 3342 1099 3414 qui
1115 3345 1172 3400 hoc
1187 3345 1256 3403 lieri
1272 3342 1370 3424 permit

785 3412 872 3467 tehat.
884 3413 955 3470 Ecce
966 3413 1042 3485 quod
1053 3414 1083 3471 in
1093 3416 1273 3488 obsequium
1280 3416 1369 3497 Christi

785 3484 956 3555 ponebatur,
967 3484 1111 3558 porditum
1124 3492 1329 3559 reputabatur:
1342 3502 1370 3543 n-

786 3553 853 3610 mile
876 3554 965 3626 aliqui
987 3557 1104 3626 iaciunt,
1128 3559 1178 3631 qui
1199 3577 1288 3619 omne
1307 3556 1370 3633 quod

787 3642 820 3683 eii
836 3626 986 3685 devotione
1003 3632 1059 3686 Deo
1075 3628 1105 3685 in
1118 3630 1254 3691 oratioue
1268 3632 1311 3689 rel
1325 3646 1369 3687 nie

787 3696 923 3756 ditatione
944 3699 1129 3773 impenditur,
1154 3705 1301 3771 perditum
1320 3716 1370 3761 csse

787 3769 896 3838 dicunt,
908 3771 975 3843 quin
990 3788 1042 3829 nos
1055 3772 1173 3831 utilitati
1186 3775 1372 3852 proximorum

787 3839 936 3899 iiitcndorc
961 3860 1017 3900 non
1038 3850 1169 3902 cernunt.
1193 3846 1334 3904 Similiter
1352 3860 1372 3923 si

787 3913 891 3984 aliquis
904 3914 1072 3985 religionem
1087 3918 1186 3983 intrat,
1201 3918 1292 3977 talem
1302 3917 1372 3975 multi

788 3984 896 4042 fatuum
921 3993 1069 4058 reputaut;
1094 3988 1117 4044 si
1145 3997 1246 4047 autem
1271 3990 1373 4047 artibus

788 4056 964 4114 secularibus
988 4076 1018 4115 sc
1041 4060 1177 4132 implicet,
1200 4062 1291 4119 talem
1311 4076 1373 4135 pru·

788 4128 902 4186 dentem
917 4146 977 4187 csse
993 4131 1100 4188 dicunt.
1117 4134 1197 4191 Unde
1213 4132 1373 4191 communi·

789 4206 833 4258 ter
844 4201 948 4257 dicitur
959 4202 995 4259 do
1004 4219 1138 4287 persona,
1149 4219 1214 4261 cum
1226 4204 1329 4263 debilis
1337 4208 1375 4261 est

789 4277 818 4329 et
835 4270 960 4344 intirmn,
1002 4274 1057 4333 uod
1075 4275 1147 4333 nihil
1162 4277 1251 4345 valet,
1269 4276 1324 4335 nisi
1341 4274 1374 4333 nd

788 4344 915 4402 dandum
928 4360 980 4418 pro
1054 4348 1226 4407 ‚Dosetiuin
1239 4364 1317 4423 sepe
1327 4362 1374 4423 pro
