2820 4928
181 346 226 408 ΒΕ
254 344 391 408 lldftlt
416 342 704 407 fattfsfnlffufas
731 336 945 408 cusronfufl.
976 348 1094 407 undolf
1120 350 1219 409 sulit
1273 348 1321 408 lss'l

87 460 243 536 gilandum.
256 458 346 532 Magis
358 459 434 517 enirn
444 458 617 531 vigilandum
627 464 672 517 est

86 551 140 608 pre
153 535 278 602 aeternis,
291 548 434 605 quampro
450 531 671 603 temporalibus3

86 606 139 664 sed
152 612 234 678 pater
248 605 371 662 familias
394 606 464 661 hera
483 610 613 675 suspecta
637 604 673 661 de

87 680 213 735 adventu
227 677 296 733 furis
320 676 449 747 vigilaret
467 692 520 758 pro
541 692 673 748 corpora·

87 748 162 807 libus
180 767 187 818 ;
204 765 272 820 ergo
286 753 315 803 et
329 764 381 804 nos
396 763 475 804 emm
496 749 578 815 hora,
606 749 675 818 quia

87 821 183 878 omnis
207 822 279 876 hora
298 825 340 876 et
367 826 509 890 suspecta,
538 821 675 876 ‹lebemus

87 892 209 961 vigilare
228 908 280 965 pre
295 890 502 965 spiritualibus.
520 896 548 948 et
563 908 676 964 semper

88 980 152 1022 esse
167 963 292 1032 solliciti,
308 965 372 1019 utin
389 970 480 1020 morte
495 963 677 1021 inveniamur

89 1038 192 1110 parati.
208 1035 237 1093 si
251 1052 319 1107 ergo
336 1035 555 1108 paterfamilias
576 1035 678 1092 solliei-

89 1114 137 1166 tus
153 1115 197 1165 est
214 1109 250 1164 de
268 1107 352 1164 domo
376 1108 570 1175 custodienda,
589 1108 677 1164 multo

90 1181 194 1237 fortius
207 1196 257 1236 uos
281 1181 421 1236 debemus
436 1195 498 1235 esse
513 1178 626 1235 solliciti
642 1180 678 1236 de

91 1254 151 1309 vita
165 1257 284 1319 aelerna,
297 1268 333 1308 ne
346 1251 500 1323 perdamus
512 1267 589 1319 eam;
602 1252 678 1323 quod

91 1324 157 1393 erit,
168 1323 191 1380 si
208 1326 387 1379 inveniamur
398 1339 448 1394 per
462 1323 562 1393 gratiae
578 1340 678 1380 caren-

90 1395 172 1453 tiam.
194 1395 354 1453 Secundum
364 1395 593 1465 chrysostomum,
612 1412 678 1452 con-

92 1468 186 1525 fundit
200 1468 247 1524 hie
267 1466 389 1532 desides,
405 1465 473 1538 quia
497 1484 553 1524 non
571 1473 679 1523 tantum

91 1538 218 1597 studium
233 1538 340 1595 faciunt
352 1554 403 1610 pro
418 1538 523 1606 anima,
542 1545 679 1610 quantum

93 1611 143 1669 alii
158 1627 210 1684 pro
225 1613 355 1683 pecunia,
370 1609 505 1681 qui-fures
516 1615 680 1681 exspectant

94 1699 130 1739 ne
145 1683 265 1755 perdant
278 1700 285 1751 ;
300 1682 339 1738 illi
360 1681 436 1738 enim
457 1681 574 1754 vigilant
588 1689 619 1739 ut
632 1693 687 1738 re··

94 1753 199 1811 sistant
214 1754 277 1822 lori,
293 1753 322 1810 hi
335 1760 429 1809 aulem
450 1770 507 1810 non
522 1755 639 1826 vigilant
650 1759 681 1810 ut

94 1826 277 1883 inveniantur
293 1824 394 1898 parati.
414 1826 566 1895 Exponitur
584 1832 680 1882 autem

93 1900 157 1955 haec
169 1898 337 1966 similitudo,
351 1897 507 1953 secundum
523 1899 679 1967 chrysosto-

94 1987 181 2039 mum,
202 1969 361 2042 dupliciter.
379 1968 475 2024 Primo
500 1969 584 2024 modo
599 1975 681 2025 vocat

95 2042 200 2109 fureur,
218 2042 380 2109 dralvolum3
398 2041 524 2107 demum,
545 2046 680 2109 mentem,

96 2112 225 2186 quamsi
244 2116 392 2169 intraverit
408 2128 457 2183 per
478 2112 681 2183 negligentiam

93 2183 228 2255 janitoris
255 2186 381 2251 rationis,
400 2184 503 2253 spoliat
520 2187 635 2241 domum
651 2183 682 2240 il-

96 2259 154 2314 lam
167 2255 340 2313 vestimentis
348 2255 477 2328 justitiae,
487 2273 556 2313 auro
568 2256 680 2329 sapien·

97 2328 156 2397 tiae,
175 2334 203 2385 el
222 2334 340 2400 argento
362 2327 541 2384 innocentiae.
562 2330 681 2384 Domum

97 2399 681 2472 ergosuamquissiuilperfodi,cumsug·

96 2470 273 2545 gestionibus
284 2472 388 2527 diaboli
402 2472 583 2528 consentiens
595 2471 681 2528 virtu·

98 2544 174 2601 tibus
194 2543 340 2616 spoliatur,
356 2541 464 2599 viribus
485 2543 607 2600 laeditur.
632 2544 681 2599 Se·

97 2613 683 2687 eundumlraneviamnotanturtriadepa·

97 2686 427 2757 trelamilias,videlicet:
439 2685 646 2769 scire,vigilare
655 2691 683 2742 el

98 2775 157 2817 non
172 2759 275 2818 sinere.
292 2759 379 2815 Debet
394 2774 462 2830 ergo
476 2758 549 2816 seire
565 2757 682 2816 insidias

96 2831 179 2900 furis,
197 2831 225 2887 id
247 2837 289 2888 est
309 2847 478 2903 cognoscere
504 2831 680 2904 prudenter;

97 2903 216 2975 vigilare
229 2903 265 2960 ad
281 2902 323 2960 sui
338 2901 506 2973 custodiam,
536 2905 564 2959 id
580 2908 623 2959 est
638 2919 682 2960 ca·

98 2991 164 3032 vere
178 2976 317 3043 solerter3
334 2991 391 3031 non
410 2974 514 3042 sinere,
531 2974 560 3032 id
582 2979 680 3031 estre·

96 3046 201 3105 sistere
215 3047 336 3115 fortiter,
347 3062 382 3102 ne
397 3045 573 3118 perfodiatur
582 3049 682 3102 domus

95 3119 218 3177 fossorio
233 3118 350 3187 diaboli,
367 3120 434 3190 qui:
452 3116 544 3190 primo
561 3117 682 3191 perculit

97 3192 290 3264 suggestione,
314 3189 439 3248 secundo
468 3189 539 3246 fodit
560 3189 681 3246 delecta·

97 3263 188 3331 tione,
213 3261 298 3319 tertio
318 3261 410 3335 perdit
436 3277 595 3330 consensu3
626 3261 681 3334 pri·

97 3350 179 3392 mum
197 3334 242 3390 viv
270 3339 363 3416 potest
389 3332 493 3402 caveri,
513 3332 680 3415 secundum,

98 3406 200 3479 magis,
217 3411 333 3462 tertium
361 3405 492 3464 maxime.
515 3405 577 3461 Alto
597 3405 681 3462 modo

97 3478 265 3549 exponendo
283 3479 356 3535 hane
378 3477 554 3550 parabolam,
575 3484 679 3536 vocat:

98 3548 682 3622 furem,mortisdiem,quiaocculte,sicut

97 3622 682 3693 fur;domum,corpus;januam,oselau·

98 3709 159 3761 res;
176 3693 326 3755 fenestras.
339 3693 446 3749 oeulos.
460 3695 494 3748 Et
508 3698 549 3749 est
561 3708 680 3750 sensus:

96 3766 278 3822 illudentem
293 3768 398 3832 scitote,
412 3767 543 3836 queniam
558 3767 585 3820 si
601 3768 682 3820 sciret

97 3840 314 3909 paterfamilias,
322 3854 378 3908 quo
391 3839 458 3893 liora
467 3839 517 3902 for
528 3839 641 3903 reniret,
653 3836 682 3893 fd

98 3914 140 3965 esl
156 3925 234 3965 mors
249 3926 312 3982 quae
324 3914 369 3964 fur
383 3907 496 3976 dicitur,
512 3912 540 3963 et
557 3907 657 3964 merito
673 3925 680 3964 ι

99 3979 143 4037 vel
155 3986 272 4053 propter
282 3980 468 4053 improvisum
479 3980 643 4049 adventum,
654 3984 683 4037 et

99 4052 242 4109 occultum
254 4052 458 4127 introitum,vel
474 4058 591 4123 propter
605 4068 682 4109 scru-

99 4124 215 4194 tinium,
246 4126 290 4181 vel
315 4133 432 4196 propter
481 4123 677 4196 spoliationem

98 4211 196 4254 rerum
221 4194 361 4265 omnium,
375 4197 507 4265 vigilaret
527 4199 623 4267 otique
646 4212 681 4252 ue

99 4274 261 4327 mereretur
302 4268 332 4325 iu
369 4275 484 4341 peceato
511 4273 540 4325 et
572 4268 679 4340 eulpa:

99 4339 167 4417 quia
180 4352 253 4397 more
272 4345 443 4414 peccatorum
470 4342 592 4413 pessimo
616 4343 679 4409 est;

729 465 756 515 et
769 475 823 516 aen
842 461 943 516 sineret
959 459 1069 531 perfode·
1092 459 1203 518 domum
1227 478 1318 528 suom,

731 531 815 589 idest
842 548 905 589 cum
921 531 1057 589 violentia
1074 531 1203 590 animam
1221 551 1239 592 a
1263 551 1324 592 cor·

729 620 798 676 pore
814 603 935 673 extrahi,
949 604 999 660 sed
1013 612 1114 677 sponte
1130 604 1216 662 crire.
1233 606 1315 664 Unde

730 675 769 732 ait
783 677 989 743 carpsostomos
1004 695 1012 731 ε
1030 702 1043 726 a
1059 675 1197 745 Quoniam
1213 678 1316 735 animae

730 748 899 820 peccatrices
916 747 943 804 iu
965 764 1085 821 corpore
1101 749 1181 821 quasi
1206 749 1236 806 iu
1252 766 1317 820 pro·

730 818 792 892 prio
820 819 965 876 domicilio
984 821 1173 889 delectantur,
1201 822 1318 880 veniens

730 907 794 949 cum
819 894 961 948 sententia
993 892 1053 959 Dei,
1074 894 1200 965 Angelus
1217 894 1316 952 mortis

730 964 854 1036 perfodit
869 980 982 1038 corpus,
999 970 1027 1020 el
1041 970 1167 1022 animam
1178 967 1319 1024 violenter

730 1035 826 1092 avellit
846 1036 942 1093 abeo.
961 1035 1070 1093 Animae
1097 1041 1195 1094 autem
1221 1041 1317 1108 justae,

731 1124 796 1179 quae
813 1125 868 1164 nou
885 1107 1063 1165 delectantur
1077 1107 1107 1165 in
1122 1125 1251 1179 cornere,
1268 1111 1319 1167 sed

731 1181 813 1251 quusi
830 1179 858 1236 iu
868 1181 966 1236 exsilio
980 1179 1018 1237 ibi
1030 1188 1107 1251 sunt,
1118 1180 1249 1238 veniente
1258 1198 1321 1238 sen·

732 1251 832 1320 tentia,
843 1268 899 1307 non
909 1252 1107 1323 perfodiuntur
1117 1253 1256 1321 nolentes,
1269 1253 1319 1310 sod

733 1328 871 1380 vorantur
883 1324 1050 1396 gaudentes.
1064 1344 1078 1377 v
1092 1325 1170 1381 Unde
1182 1333 1210 1379 et
1221 1326 1321 1394 Greqo·

733 1398 809 1450 retra:
833 1417 848 1446 u
864 1397 1012 1452 Nescieute
1036 1395 1251 1468 patrefamilias,
1274 1398 1320 1454 fur

734 1466 1320 1539 domumperlodit,quia,dumasuicuslo-

735 1538 781 1595 dia
800 1540 916 1611 spiritus
935 1539 1051 1608 dormit,
1068 1539 1223 1613 improvisa
1243 1556 1321 1598 mors
1392 1607 1395 1614 ¹

735 1609 1273 1669 venienscarnisnostraehabitaculum
1285 1614 1321 1669 ir·

733 1684 1320 1755 rumpit,eleumqucmdominumdemus

734 1754 921 1811 dormientem
949 1756 1108 1825 invenerit,
1129 1766 1229 1825 necat,
1253 1756 1321 1829 quia

734 1826 801 1881 dum
818 1832 936 1883 ventura
950 1828 1055 1884 damna
1071 1828 1186 1899 spiritus
1203 1827 1320 1886 minime

734 1897 882 1969 praevidet,
898 1900 972 1953 hunc
991 1914 1068 1954 mors
1089 1900 1125 1955 ad
1148 1899 1319 1970 supplicium

736 1968 910 2025 nescientem
926 1970 1024 2025 trahit.
1045 1969 1109 2025 Furi
1125 1976 1219 2026 autem
1235 1970 1319 2027 resis-

735 2046 817 2101 teret,
833 2040 857 2096 si
868 2041 1007 2112 vigilaret,
1021 2040 1090 2113 quia
1103 2041 1256 2098 adveutum
1268 2042 1283 2100 J
1287 2059 1318 2099 u·

736 2109 817 2180 diris,
836 2111 882 2183 qui
900 2113 1008 2169 occulte
1025 2116 1136 2170 animas
1151 2113 1236 2184 rapit,
1247 2130 1321 2187 prae·

736 2199 850 2265 ¹caveus,
867 2182 892 2239 ei
908 2184 1074 2256 poeuitcudo
1094 2192 1267 2255 occurreret,
1284 2202 1320 2244 ne

735 2255 917 2323 unpoeuiteus
952 2257 1099 2327 periret.»
1129 2257 1164 2314 ut
1195 2257 1319 2318 ilerum:

739 2349 749 2378 ‹
768 2330 873 2385 lloravu
890 2344 956 2385 vero
971 2330 1101 2386 ultimam
1118 2329 1253 2387 Dominus
1268 2347 1319 2387 uo·

736 2405 795 2481 ster
808 2400 914 2456 idcireo
942 2400 1025 2458 nobis
1037 2400 1127 2458 voluit
1144 2418 1207 2459 esse
1221 2402 1320 2475 incog-

737 2477 836 2542 nitam,
858 2477 887 2529 ut
903 2472 991 2543 possit
1008 2489 1122 2545 semper
1141 2490 1202 2530 esse
1220 2491 1319 2548 suspe-

736 2548 791 2610 cta,
807 2548 838 2598 ut
850 2544 918 2599 dum
934 2545 1010 2600 illam
1027 2545 1183 2616 praevidere
1202 2545 1320 2604 minime

735 2615 1097 2687 possumus,adillamsine
1108 2616 1320 2675 intermissione

736 2701 931 2758 praeparemur
943 2704 949 2742 :
964 2688 1025 2742 haec
1033 2688 1181 2755 Gregorius
1192 2729 1199 2744 .
1211 2689 1319 2747 Deinde

737 2758 879 2814 concludit
903 2775 936 2815 ex
955 2758 1110 2831 praedictis,
1132 2765 1160 2815 cl
1184 2760 1319 2819 admonet

736 2846 788 2886 nos
803 2836 833 2885 ut
848 2830 1048 2902 permisimus,
1059 2834 1127 2903 quia
1140 2831 1163 2888 si
1180 2841 1259 2890 tanta
1271 2834 1321 2891 ad·

736 2902 850 2958 hibetur
873 2901 1022 2973 diligentia
1047 2919 1097 2973 pro
1124 2903 1253 2962 custodia
1276 2903 1319 2962 rei

735 2989 842 3045 parva,
861 2974 949 3030 multo
974 2973 1066 3044 magis
1089 2974 1219 3033 adhiberi
1234 2977 1320 3034 debet

737 3060 787 3116 pro
818 3045 948 3101 custodia
976 3045 1090 3102 animae.
1120 3048 1200 3104 Unde
1226 3048 1318 3106 dicit:

735 3118 798 3173 ideo
813 3123 838 3173 et
852 3134 899 3173 oce
914 3123 996 3173 estole
1009 3121 1116 3189 parali,
1132 3118 1192 3176 siue
1207 3120 1319 3178 macula

736 3188 839 3256 cordis,
860 3187 918 3245 oris
933 3196 962 3245 et
980 3188 1084 3260 operis,
1104 3193 1172 3261 quio
1199 3208 1255 3263 quo
1269 3208 1319 3249 ne·

735 3263 813 3316 scitis
826 3263 903 3324 ltere,
913 3260 942 3317 id
954 3267 997 3318 est
1009 3264 1162 3334 insperate,
1171 3265 1259 3320 Filius
1272 3266 1318 3321 lto·

735 3335 819 3414 minis
832 3338 963 3389 oraturus
985 3340 1035 3403 eat,
1055 3333 1091 3391 ad
1105 3333 1241 3406 judicium
1252 3351 1319 3421 par·

736 3406 866 3475 treulare,
883 3404 913 3461 in
941 3414 1043 3470 morte,
1062 3405 1106 3463 vel
1130 3406 1166 3464 ad
1178 3408 1320 3480 judicium

736 3478 880 3550 generale,
892 3477 921 3534 in
939 3476 1036 3534 mundi
1053 3478 1122 3535 fine.
1141 3479 1240 3607 Igitur,
1254 3479 1322 3554 quie

736 3548 878 3606 nescimus
886 3548 1021 3619 diem,vel
1028 3550 1154 3607 horamil
1167 3568 1212 3609 am
1220 3569 1319 3618 unam,

736 3621 850 3692 quando
870 3622 978 3679 occulte
1002 3629 1030 3677 et
1060 3622 1157 3679 furtim
1185 3630 1319 3682 venturus

735 3696 771 3748 sit
788 3692 934 3760 Dominus,
950 3692 1099 3765 vigilemus
1114 3710 1169 3750 non
1184 3711 1241 3751 una
1258 3695 1316 3765 die,

737 3765 780 3820 vel
800 3781 857 3820 una
870 3765 951 3833 hora,
977 3767 1027 3822 sed
1046 3782 1168 3848 semper,
1185 3766 1319 3823 omnibus

738 3835 838 3892 diebus
866 3841 895 3893 et
920 3836 1007 3902 horis,
1036 3854 1116 3910 quast
1145 3853 1256 3910 semper
1281 3837 1318 3894 sit

736 3913 881 3975 venturus,
899 3924 934 3965 ne
950 3908 981 3965 in
995 3909 1044 3966 illa
1058 3909 1104 3964 die
1121 3912 1150 3964 et
1166 3910 1237 3965 hora
1250 3908 1320 3967 dor·

736 3978 855 4037 mientes
878 3986 907 4036 et
925 3979 1057 4062 imparati
1082 3979 1270 4037 inveniamur.
1297 3980 1320 4039 Ο

737 4068 821 4124 quam
839 4051 905 4109 felix
923 4068 970 4123 qur
991 4050 1145 4107 novissima
1178 4051 1317 4123 providet,

736 4123 785 4195 qui
801 4123 854 4180 sibi
870 4123 1016 4194 apeceatis
1029 4128 1118 4190 cavel,
1128 4124 1175 4194 qui
1192 4122 1317 4196 seipsum

737 4212 793 4252 nou
809 4195 937 4268 negligit,
951 4194 999 4266 qui
1012 4209 1042 4251 se
1055 4193 1131 4251 omni
1146 4202 1273 4264 tempore
1281 4195 1319 4253 ad

735 4277 856 4325 mortem
887 4270 1028 4339 preparat
1057 4272 1086 4324 et
1122 4265 1256 4339 disponit,
1290 4270 1322 4324 ul

735 4340 970 4413 quandocumque
994 4353 1071 4397 mors
1092 4337 1212 4412 venerit,
1235 4354 1321 4415 pera-
