2820 4928
408 414 449 465 ule
476 413 598 467 rursus
626 414 826 479 laureolos,
854 415 924 468 HG.
1252 421 1279 470 5l

56 534 144 590 quam
161 516 362 574 suavissimum
376 515 504 573 osculum
518 515 637 589 recepit,

56 606 90 646 ex
105 596 173 646 tunc
190 592 292 644 statum
315 587 480 644 mercenarii
502 587 638 660 dedigna-

58 667 125 730 tur;
142 662 202 730 sed,
218 666 248 717 ut
259 658 326 717 dicit
339 662 423 727 Beda,
443 664 523 731 paler
537 677 638 716 occur-

58 748 128 789 rens
144 749 199 789 non
215 738 362 789 contentus
376 735 487 788 minora
499 732 639 787 concede-

54 820 102 872 re,
130 809 249 876 utroque
288 804 380 886 gradu
409 802 470 860 sine
501 801 640 860 dilatione

59 880 232 946 transcurso,
257 877 384 949 pristinae
409 874 535 932 filiorum
559 873 640 931 resti·

59 946 271 1020 tuitdignitati;
297 964 351 1005 nec
373 949 433 1019 jam
452 946 487 1002 de
510 945 642 1021 mercede

57 1019 257 1088 conductoris;
273 1021 324 1077 sed
342 1020 377 1076 de
398 1017 557 1076 hereditate
576 1016 644 1074 iecit

56 1092 183 1166 cogitare
196 1091 334 1164 parentis.

97 1167 646 1232 ιιΟιιιειιιεεεειιιιιετιιοειοιιειιιιιε,

57 1253 197 1302 rasurus,
215 1250 408 1291 ειιεεειιειιτε
423 1250 455 1288 ει
475 1249 589 1289 virosos
605 1249 648 1288 εε-

60 1307 204 1362 ornares?
222 1335 257 1347 -
278 1307 462 1360 [licitantem
487 1309 579 1374 puter,
595 1304 648 1359 sci-

61 1377 131 1433 licet
152 1379 236 1444 Deus,
263 1376 301 1431 od
326 1390 416 1430 seruos
443 1391 515 1440 suos,
542 1375 571 1430 id
603 1378 647 1432 est

60 1449 215 1520 Apostolos
226 1454 254 1504 ει
268 1445 400 1504 Ecclesiae
410 1445 566 1517 ministros,
579 1445 644 1518 qui·

58 1521 116 1577 hus
135 1518 264 1577 Christus
278 1517 412 1590 praecepit
431 1516 554 1590 benigne
568 1517 642 1574 reci-

56 1606 127 1664 pere
141 1589 311 1663 prenitentes
324 1594 353 1645 el
367 1588 555 1645 confitentes:
581 1591 641 1646 dito

53 1665 180 1736 proferte
194 1663 295 1718 stolum
313 1663 444 1732 mnium,
464 1659 493 1716 id
519 1665 563 1717 εει
582 1659 639 1717 cito

56 1734 260 1807 proterendam
289 1736 318 1789 et
345 1731 551 1788 restituendam
572 1747 639 1789 rere

56 1805 261 1879 penitentibus
288 1802 484 1860 innocentiam
507 1804 640 1862 mundate

58 1885 89 1936 ει
102 1876 271 1949 promittile;
290 1881 316 1931 et
332 1875 438 1930 induite
446 1877 539 1944 illum,
553 1874 642 1933 idest

60 1949 202 2006 ostendito
220 1952 249 2005 et
262 1946 416 2004 certificate
431 1946 512 2004 illum
522 1947 642 2005 induen-

61 2021 132 2078 dum
146 2037 154 2089 ;
170 2025 196 2076 et
211 2021 275 2076 dote
295 2020 439 2086 eundum,
453 2017 482 2075 id
502 2023 548 2076 est
573 2018 642 2077 fidei

59 2092 240 2165 signaculum
256 2091 355 2147 docete
378 2089 505 2147 dandum
528 2094 559 2147 in
582 2108 642 2148 mo·

58 2182 108 2232 nu,
126 2163 156 2221 id
182 2172 224 2220 est
250 2178 336 2235 opera
354 2161 426 2232 ejus,
440 2167 472 2218 ut
485 2177 538 2234 per
553 2179 643 2236 opera

58 2237 132 2293 fides
146 2236 295 2304 clarescat,
316 2238 345 2291 et
369 2234 527 2304 perfidem
554 2251 643 2306 opera

58 2308 285 2375 confirmentur3
301 2307 425 2361 annulus
443 2305 520 2363 enim
540 2314 642 2363 roton-

60 2378 360 2448 dus‚cumuonhabet
387 2376 641 2449 rincipiumneque

60 2452 161 2510 finem,
177 2449 320 2522 siguificat
338 2391 426 2528 tidem
441 2454 557 2507 aterna
579 2449 643 2506 Tri-

63 2522 174 2591 nitatis,
200 2537 257 2593 quo
276 2519 371 2577 fidelrs
398 2519 494 2578 anima
519 2523 576 2578 [leo
596 2521 643 2578 de-

62 2599 246 2665 sponsalur;
274 2593 350 2650 hunc
380 2592 517 2650 annulum
539 2593 645 2650 dehent

62 2664 188 2722 ministri
202 2662 334 2720 licelesiae
348 2661 379 2719 in
399 2680 483 2721 manu
495 2665 574 2733 dare,
591 2665 642 2722 do·

60 2737 153 2793 cendo
169 2736 263 2808 ipsum
289 2735 453 2792 habendum
477 2736 507 2793 in
534 2752 640 2810 opere:

60 2810 142 2866 Fides
157 2812 229 2864 enim
242 2809 303 2863 sine
326 2809 453 2887 operibus
466 2813 575 2865 mortuo
589 2815 641 2880 est,

61 2888 91 2938 et
102 2879 237 2937 similiter
250 2893 323 2951 opus
341 2893 402 2936 srne
423 2879 479 2937 lide
491 2897 549 2937 non
563 2882 644 2937 sulfi-

61 2953 116 3020 cit;
130 2957 157 3008 et
171 2952 364 3018 calceamento,
378 2949 460 3008 idest
474 2953 645 3008 Sanctorum

63 3023 205 3092 exempla,
230 3024 261 3076 in
304 3020 365 3077 edes
380 3022 453 3092 eiua,
486 3021 597 3078 scilicet
615 3021 646 3078 in

63 3094 250 3151 intellectuet
303 3093 646 3163 eclosecundumdlrry·

62 3171 225 3232 eostoruum,
239 3164 274 3220 ad
289 3179 347 3220 non
361 3166 540 3237 tangendum
551 3168 644 3221 terre·

62 3254 112 3308 na,
128 3245 157 3294 et
176 3237 214 3294 ad
227 3235 430 3318 corrigendum
449 3238 537 3306 viam,
552 3244 583 3293 ιιι
594 3252 646 3310 per

61 3308 204 3368 lubricum
216 3308 316 3365 mundi
335 3307 415 3365 istius
435 3309 491 3365 iter
517 3310 588 3366 fixus
616 3311 645 3367 et

59 3382 262 3439 immaculatus
276 3380 399 3438 incedat.
413 3383 449 3437 Et
463 3381 593 3438 adducite
605 3383 646 3438 ui·

61 3457 152 3511 tulum
174 3454 346 3521 supinatum,
375 3451 405 3508 id
423 3457 467 3509 est
487 3453 643 3523 Christum,

60 3523 645 3600 quem,secundnmclrpsouomumpitn·

60 3599 121 3656 lum
136 3597 269 3653 nominat
284 3599 402 3664 propter
415 3595 536 3652 hostiam
554 3604 583 3653 et
594 3597 648 3652 im-

59 3671 293 3727 molationemco
321 3664 389 3748 'oris
400 3666 575 3724 immaculati
589 3684 648 3737 3sa-

60 3741 178 3815 ginatus
191 3744 288 3818 autem
319 3744 403 3795 rcrtur
415 3745 532 3812 propter
543 3741 648 3812 gratia·

60 3828 126 3871 rom
148 3808 356 3886 pinguedinem
382 3815 410 3867 et
426 3809 646 3883 plenitudinem.

61 3879 647 3965 qraiapinguisetopimusomnispirituali

59 3956 169 4013 virtute
197 3969 226 4010 ιιι
245 3955 355 4009 tantum
371 3959 421 4025 est,
452 3959 483 4011 ut
499 3970 549 4024 pro
562 3959 651 4012 totrus

59 4027 165 4085 mundi
176 4023 415 4097 salutesulllciat;
427 4027 585 4095 didacides,
594 4029 649 4082 hoc

60 4107 117 4168 εει,
134 4098 291 4156 secundum
313 4099 512 4168 Augustinum.
529 4104 650 4155 mortem

61 4173 125 4253 eius
137 4169 294 4232 insinuate
305 4175 371 4226 tunc
382 4170 457 4227 enim
470 4168 651 4242 cuiqueocci·

61 4245 153 4314 duur,
169 4258 237 4301 cum
256 4241 347 4298 credit
362 4242 496 4300 occisum.
516 4241 568 4298 llic
581 4255 650 4311 ergo

62 4315 169 4373 vitulus
183 4313 246 4372 lilio
260 4313 380 4387 prodigo
392 4312 548 4372 revertenti
560 4313 650 4393 ιειιιιιι-1

62 4385 138 4445 citur
155 4390 187 4446 ει
213 4383 364 4456 occiditur,
395 4386 511 4459 quando
540 4381 651 4442 Christi

701 517 797 574 Passio
811 516 915 574 Gentili
929 518 1032 588 populo
1049 517 1203 575 etcuilibet
1218 537 1283 591 pec·

701 589 788 645 calori
819 589 1015 659 praedicatum
1036 595 1085 645 aut
1112 590 1227 672 quando
1252 589 1282 648 iu

702 669 882 717 sacramento
894 658 1077 718 Eucharistiae
1088 664 1280 719 ministratur.

703 734 753 788 llic
772 734 879 788 vitulus
898 735 984 789 semol
1003 735 1113 789 occisus
1130 739 1173 790 est
1192 733 1221 790 iu
1237 750 1281 805 re,

701 805 751 860 sed
767 804 911 861 multoties
925 803 954 861 in
969 803 1167 862 sacramentali
1177 823 1284 876 reprae-

701 875 876 943 sentatione;
892 877 1018 948 quotidie
1031 894 1097 934 vero
1119 876 1286 935 immolatur

703 953 731 1002 et
752 949 933 1004 credentium
947 948 1013 1012 lide,
1030 953 1057 1003 et
1069 948 1286 1018 predicantium

703 1018 913 1075 recordatione.
924 1023 960 1075 Et
972 1020 1167 1076 manducemus
1182 1027 1207 1077 et
1220 1039 1287 1093 epu-

706 1091 805 1156 lemur,
820 1088 887 1160 quia
908 1096 1041 1160 peccator
1063 1107 1128 1148 rere
1143 1095 1286 1173 poenitens

706 1161 744 1216 ad
761 1176 890 1216 mensam
909 1161 1013 1216 Christi
1029 1178 1092 1218 cum
1118 1163 1182 1218 alris
1206 1164 1286 1220 Chri·

707 1231 808 1288 etianis
827 1231 982 1358 recipitum
997 1237 1026 1288 et
1038 1248 1093 1288 non
1107 1234 1199 1290 solum
1212 1233 1288 1292 lilius

705 1319 837 1360 reversus
848 1319 879 1360 re
890 1302 986 1372 rcilur,
999 1304 1050 1359 sed
1064 1303 1149 1360 etiam
1165 1309 1245 1376 pater
1259 1310 1288 1362 et

704 1376 778 1431 servi
793 1375 864 1447 eJus,
880 1373 949 1445 quia
969 1373 1088 1431 relectio
1099 1373 1150 1432 Dei
1167 1381 1196 1431 et
1214 1377 1286 1434 San·

703 1453 813 1503 ntorum
826 1454 868 1503 est
878 1446 957 1503 salus
969 1451 1166 1518 peccatorum
1178 1454 1208 1504 et
1219 1445 1285 1505 ideo

702 1517 865 1575 benedicit
891 1518 1057 1589 pluraliter:
1083 1517 1286 1577 Manducemus

701 1595 730 1646 et
740 1590 897 1660 epulemur.
911 1590 988 1646 Unde
996 1590 1159 1647 Ambrosius
1169 1608 1176 1648 ε
1188 1593 1287 1672 «Epu-

700 1661 808 1718 lantem
834 1666 928 1718 autem
956 1659 1077 1731 inducit,
1116 1677 1182 1719 cum
1215 1662 1285 1721 dreit

700 1734 851 1805 epulonur,
866 1736 898 1791 ut
911 1735 1076 1790 ostenderet
1086 1735 1224 1805 qnoniam
1233 1751 1285 1862 Ba·

700 1809 799 1862 ternus
811 1810 854 1862 εει
873 1805 954 1862 cibus
973 1805 1050 1862 salus
1065 1810 1173 1874 nostra,
1190 1814 1219 1862 et
1256 1821 1286 1864 a·

699 1876 751 1933 tris
763 1883 807 1934 εει
820 1877 957 1948 gaudium
978 1883 1144 1933 nostrorum
1168 1875 1287 1934 redem-

701 1951 740 2005 tio
753 1953 946 2019 peccatorum.
958 1968 972 2002 n
985 1949 1058 2015 Quia
1072 1949 1116 2003 lu'c
1124 1949 1200 2018 filius
1210 1965 1285 2005 meus

700 2025 826 2076 mortuus
842 2025 913 2089 erat,
923 2017 1109 2089 spiritualiter
1123 2016 1289 2091 perintida·

702 2094 812 2149 litatem
824 2097 853 2147 et
862 2095 953 2147 morte
964 2091 1064 2172 cnlpae,
1079 2095 1105 2146 ει
1118 2093 1224 2147 revixit
1239 2108 1290 2162 per

702 2165 788 2221 fidem
806 2168 834 2220 et
850 2162 935 2219 vitam
948 2163 1062 2234 glorrae;
1094 2162 1148 2230 rel,
1163 2169 1287 2221 mortuus

702 2242 772 2305 erat,
790 2251 840 2306 per
854 2234 1098 2306 separationema
1123 2237 1192 2300 ileo,
1212 2241 1286 2294 tam·

702 2324 788 2380 quam
803 2323 820 2363 a
835 2308 929 2377 Patre,
945 2313 970 2364 et
988 2310 1102 2375 reuisit,
1116 2308 1287 2365 revertendo

703 2380 739 2437 ad
753 2382 841 2436 Deum
857 2386 1002 2450 tamquam
1015 2380 1051 2434 ad
1066 2379 1180 2435 Patrem
1192 2396 1284 2448 snum,

703 2451 779 2525 guia,
809 2451 968 2507 secundum
994 2452 1195 2518 deposuerim,
1219 2468 1286 2508 rere

703 2539 789 2592 mors,
819 2538 906 2594 quam
928 2521 1058 2578 homines
1087 2538 1145 2578 non
1173 2521 1286 2592 timent,

703 2601 747 2653 est
760 2596 903 2667 separatio
917 2596 1053 2651 anirnaea
1075 2595 1144 2661 Deo,
1171 2595 1222 2665 qui
1245 2599 1287 2651 est

703 2684 770 2725 rara
787 2669 845 2723 vita
863 2664 1047 2732 animarum;
1066 2669 1200 2737 perierat,
1227 2669 1285 2723 sci·
1323 2735 1325 2738 y

703 2738 770 2795 licet
787 2739 947 2795 recedendo
963 2754 980 2794 a
994 2737 1140 2792 consortio
1166 2739 1287 2794 Sancto·

702 2826 778 2875 rum,
798 2812 879 2880 quasi
895 2825 913 2865 a
927 2810 1026 2875 lratre,
1040 2811 1066 2860 ιι
1082 2811 1211 2863 inuentus
1236 2813 1288 2876 est,

704 2883 772 2952 qnia
790 2878 876 2934 matri
900 2878 1032 2933 Ecclesiae
1067 2876 1216 2932 restitutus
1241 2893 1291 2948 per

704 2951 900 3020 Baptismum,
916 2947 961 3002 rel
971 2948 1179 3016 poeuitentiam.
1194 2948 1227 3002 Et
1238 2964 1293 3004 uo·

704 3027 736 3077 ta
750 3019 796 3076 hic
815 3020 893 3075 circa
908 3017 1100 3087 receptionem
1125 3019 1290 3090 peccatoris,

706 3092 782 3164 quod
797 3092 882 3147 Pater
894 3090 930 3148 de
944 3088 1024 3146 coelis
1036 3089 1137 3162 recipit
1148 3090 1290 3163 poeniten·

704 3170 764 3220 tem
779 3161 933 3232 velociter3
950 3163 1025 3233 quod
1043 3168 1159 3220 notatur
1170 3179 1234 3222 cum
1248 3165 1290 3223 di-

706 3238 789 3293 citur:
803 3237 841 3292 Et
857 3250 1012 3300 denarrans.
1025 3234 1092 3306 quia
1104 3238 1289 3310 Deusprouus

705 3313 745 3366 εει
766 3308 804 3364 od
817 3307 1011 3376 menendum,
1021 3311 1049 3364 et
1066 3310 1166 3366 tardus
1183 3311 1219 3367 ad
1235 3328 1289 3382 pu·

705 3380 851 3448 piendum,
868 3380 947 3451 cujus
971 3384 1074 3438 natura
1089 3385 1116 3437 et
1131 3383 1289 3454 proprietas

706 3459 750 3510 est
758 3456 882 3509 misereri
892 3468 999 3524 semper
1012 3458 1039 3509 et
1048 3469 1175 3525 porcam
1191 3470 1289 3512 secun-

705 3523 1291 3595 do‚recipitdulciler‚reconciliandoeum

707 3594 891 3667 pergratiam
905 3595 969 3665 sibi,
981 3595 1046 3652 ideo
1055 3596 1171 3655 dicitur:
1186 3598 1292 3655 Cecidit

706 3683 789 3738 super
810 3669 909 3722 collum
924 3667 1002 3736 ejus:
1025 3667 1111 3724 tertio
1126 3669 1226 3740 recipit
1241 3671 1293 3727 ho-

708 3737 886 3806 norabiliter,
899 3737 963 3794 ideo
974 3736 1077 3794 dicitnr
1087 3761 1094 3797 ι
1106 3743 1293 3809 Prosertesto-

709 3811 907 3891 lampridium,
921 3813 948 3864 et
964 3810 1071 3866 induite
1093 3814 1185 3882 illum,
1211 3813 1239 3868 id
1255 3816 1297 3868 est

708 3881 851 3938 restrtnite
874 3881 1069 3938 innocontiam
1090 3898 1176 3954 quam
1191 3883 1221 3938 in
1239 3885 1295 3939 Ba·

709 3952 811 4025 ptismo
835 3953 979 4021 induerat,
994 3954 1045 4009 sed
1069 3968 1121 4024 per
1146 3958 1294 4025 peccatum

708 4024 873 4096 perdiderat
886 4041 893 4094 ;
919 4028 947 4080 et
969 4025 1034 4080 dote
1047 4026 1181 4079 annulum
1195 4025 1226 4077 in
1241 4039 1297 4077 mo-

709 4113 747 4151 nu
758 4095 828 4166 ejus,
844 4095 873 4152 id
889 4100 932 4152 εει
946 4095 1068 4167 gratiam
1084 4094 1157 4148 bene
1172 4107 1294 4171 operan-

711 4168 750 4235 di,
766 4171 832 4237 quia
856 4182 914 4223 nou
937 4166 1045 4223 sufficit
1070 4163 1175 4219 hebere
1203 4177 1293 4218 runo·

711 4240 845 4308 centiam,
860 4238 914 4294 nisi
928 4237 999 4294 fiant
1021 4249 1108 4304 opera
1125 4234 1210 4300 bona,
1236 4235 1286 4293 sed

711 4311 780 4381 quia
796 4312 827 4366 in
841 4309 985 4381 operando
1010 4320 1086 4387 saepe
1100 4305 1221 4364 adversa
1238 4323 1288 4366 oc·

712 4383 840 4450 currum,
869 4379 935 4436 ideo
949 4376 1082 4435 subditur
1097 4393 1105 4436 r
1134 4378 1171 4436 st
1185 4379 1293 4442 elero-
