2820 4928
131 356 176 408 tlt
472 346 632 401 stultiut
660 344 779 400 blatta·
808 344 914 399 carba
943 340 1010 395 xxl

135 467 292 522 certamen,
312 473 365 513 nec
391 457 505 512 l'estinet
521 453 719 526 unusquisque

136 549 235 590 eorum
246 528 387 603 quomodo
395 526 459 582 aliis
471 527 562 596 major
571 531 718 597 appareat,

136 605 186 661 sed
202 600 343 675 quomodo
359 597 476 655 interior
492 596 637 653 videatur:
651 614 719 669 quo·

135 676 212 732 niam
227 690 283 729 non
299 670 346 754 qui
362 671 453 741 major
462 668 584 726 lueritin
596 669 717 737 honore,

136 746 182 803 ille
194 750 236 802 est
248 745 352 816 justior
363 760 370 810 ;
383 742 433 798 sed
445 743 493 813 qui
505 740 609 812 justior
622 740 717 811 luerit,

136 818 184 874 ille
200 824 243 873 cst
263 815 363 886 major.
380 812 562 871 Conversatio
578 828 646 881 ergo
659 828 718 868 me-

136 889 190 945 lior
201 893 245 945 est
259 885 460 951 desideranda,
473 884 590 941 sednon
606 883 720 955 dignior

154 960 249 1016 radus.
272 961 305 1014 Et
323 974 395 1028 opus
414 955 528 1029 quidem
551 955 715 1012 desiderare

133 977 240 1090 ionum
260 1037 311 1099 est,
337 1028 404 1101 qnia
430 1032 536 1085 nostrae
566 1025 719 1084 voluntatis

135 1109 189 1161 est.
205 1109 233 1159 ct
251 1110 349 1159 nostra
363 1106 407 1157 est
422 1115 547 1167 merces,
565 1098 718 1171 primatum

135 1180 230 1233 autem
239 1173 357 1231 honoris
365 1171 577 1244 concupiscere,
589 1168 716 1237 vanitas3

134 1248 188 1304 hoc
203 1250 281 1304 enim
294 1243 430 1317 consequi
444 1242 582 1314 iudicium
600 1241 647 1298 llei
663 1245 716 1309 cst,

132 1316 341 1394 propterquod
357 1333 389 1372 ex
404 1316 527 1388 primatu
544 1313 662 1370 honoris
672 1329 720 1368 ne·

134 1390 249 1453 acinus.
268 1389 292 1445 si
317 1387 477 1445 mercedem
491 1384 609 1458 justitiae
631 1400 719 1440 mere·

134 1478 209 1519 mur.
223 1464 319 1532 Neque
339 1461 414 1516 enim
438 1456 588 1529 Apostolus
603 1456 716 1511 laudem

134 1534 253 1591 habebit
265 1532 339 1603 apud
354 1532 452 1597 Derim,
469 1527 544 1599 quod
564 1528 717 1598 Apostolus

134 1604 202 1671 luit;
219 1603 269 1659 sed
285 1602 308 1657 si
322 1616 392 1671 opus
407 1599 582 1670 apostolatus
592 1597 635 1653 sni
645 1598 717 1654 bene

133 1672 300 1745 impleverit.
315 1671 456 1727 Primatus
468 1669 552 1725 etiarn
563 1669 718 1740 fugientem

132 1745 285 1811 desiderat,
312 1741 521 1799 desiderantem
547 1757 576 1796 se
604 1741 715 1797 horret.

134 1817 236 1874 Volcns
247 1831 314 1887 ergo
326 1813 459 1871 Dominus
467 1818 495 1869 ct
505 1812 624 1870 duorum
635 1813 718 1869 Zebe-

133 1888 186 1947 daei
198 1890 320 1944 tilicuum
329 1884 514 1943 ambitionem
526 1883 716 1955 exstinguere,

132 1969 160 2019 ct
177 1963 295 2018 istorum
319 1960 416 2015 decem
433 1956 630 2027 Apostolorum
645 1954 717 2011 invi-

132 2032 221 2103 diam,
245 2030 401 2109 introducit
424 2028 615 2085 differentiam
641 2027 716 2083 inter

133 2105 223 2179 princi
246 2121 276 2161 es
290 2102 448 2160 mundiales
461 2107 489 2157 ct
497 2098 715 2166 ecclesiasticos,

133 2182 213 2234 osten
236 2193 287 2232 ens
302 2174 437 2246 quoniam
448 2171 585 2243 primatus
595 2171 626 2227 in
640 2169 717 2228 Chri-

133 2253 188 2313 sto,
199 2247 296 2303 neceb
307 2242 590 2315 aliquoappetcndus
602 2249 645 2297 est
660 2257 716 2296 non

130 2319 264 2383 habente,
290 2331 342 2370 nec
368 2312 449 2368 alteri
476 2317 520 2368 est
546 2312 716 2367 inridendus

131 2386 257 2444 habenti.
287 2387 424 2453 Quoniam
449 2382 592 2455 principes
618 2382 715 2439 mundi

133 2461 196 2515 idco
211 2459 294 2519 liunt,
310 2461 340 2512 ut
355 2454 538 2512 dominentur
560 2453 717 2511 minoribus

132 2532 202 2599 suis,
223 2535 253 2587 ut
277 2527 440 2585 servillcent
458 2543 518 2596 eos,
544 2533 572 2582 et
594 2525 717 2598 spolient

132 2619 192 2672 eos,
213 2609 241 2658 et
258 2600 409 2658 comedant
432 2615 492 2667 eos,
517 2605 546 2655 et
570 2614 660 2670 usquc
679 2599 715 2654 ad

132 2680 253 2732 martem
263 2673 418 2729 abutantur
428 2670 485 2726 rita
495 2685 592 2726 eorum
603 2671 638 2726 ad
650 2685 716 2725 suas

132 2745 268 2803 utilitates
282 2749 309 2799 et
324 2743 438 2815 glorias.
454 2740 600 2812 Principes
619 2746 715 2797 autem

133 2816 263 2875 Ecclesiae
275 2815 359 2884 fiunt,
377 2820 406 2870 ut
420 2813 542 2871 servi-ant
557 2812 716 2870 minoribus

127 2890 232 2961 uuiaet
245 2887 406 2945 ministrent
415 2886 456 2943 eis
469 2900 657 2967 quaecumque
670 2900 715 2941 ac-

130 2968 267 3036 ceperunt
281 2976 299 3018 a
313 2959 433 3029 Christo,
455 2965 485 3015 ut
500 2974 566 3014 suas
580 2956 716 3012 utilitates

133 3033 291 3107 negligant,
307 3040 336 3089 et
355 3031 470 3088 illorum
495 3033 660 3103 procurent,
676 3036 714 3097 et,

132 3105 157 3164 ei
176 3122 248 3177 opus
264 3103 358 3172 iurarit,
377 3119 469 3174 neque
484 3101 556 3158 mori
573 3104 713 3167 recusent,

131 3194 183 3260 pro
202 3176 293 3233 salute
311 3174 488 3231 interiorum.
506 3172 535 3230 Si
559 3189 628 3243 crgo
654 3172 716 3227 haec

129 3256 170 3305 ita
183 3264 213 3304 se
223 3249 340 3314 habent,
355 3245 511 3301 secularem
527 3244 640 3315 quidem
655 3242 715 3315 pri-

129 3325 237 3375 matum
253 3315 488 3385 desiderare,etsi
505 3315 577 3370 ratio
591 3322 713 3383 nonest,

131 3391 174 3445 ael
191 3404 277 3444 causa
287 3392 345 3454 rst;
360 3389 427 3456 quia
441 3385 464 3442 si
476 3388 583 3454 justum
593 3401 650 3441 non
661 3392 714 3453 e-t,

131 3460 174 3517 vel
191 3459 260 3516 utilc
272 3465 324 3515 est.
347 3457 503 3513 Primatum
517 3464 613 3512 autem
629 3456 715 3512 eccle·

131 3529 277 3589 siasticum
302 3527 512 3601 concupiscere,
532 3542 624 3599 neque
642 3526 714 3583 ratio

131 3611 185 3674 est,
200 3616 294 3673 neque
309 3617 408 3669 rausa;
421 3601 489 3670 quia
502 3615 593 3671 neque
606 3598 713 3670 justum

131 3681 184 3743 cst,
202 3689 293 3744 neqnc
307 3672 385 3729 utile.
411 3673 480 3740 Quis
503 3686 578 3727 emm
602 3671 715 3741 sapiens

131 3749 204 3805 ultro
219 3760 248 3802 se
273 3745 412 3817 subjicere
435 3744 551 3800 festinat
574 3741 713 3810 servituti,

131 3818 234 3888 dolori,
257 3815 360 3885 labori,
387 3820 426 3885 et,
450 3816 526 3887 quod
551 3816 644 3886 majus
660 3820 713 3882 cst,

129 3893 178 3951 tali
196 3889 320 3962 pericula
333 3893 363 3945 ut
375 3888 424 3944 <let
436 3886 576 3943 rationem
589 3903 640 3970 pro
656 3901 713 3942 om·

129 3965 157 4023 ni
185 3960 309 4021 Ecclesia
335 3961 410 4031 apud
437 3957 566 4015 iudicem
586 3963 712 4028 Justum3

128 4037 182 4093 nisi
201 4036 284 4103 sorte,
308 4032 355 4106 qui
384 4048 435 4088 nec
462 4029 552 4086 credit
575 4027 713 4110 judicium

129 4108 189 4175 llei,
207 4124 259 4164 nec
279 4109 370 4175 timet,
392 4110 424 4161 ut
447 4103 566 4160 abutens
590 4109 713 4172 primatu

125 4197 177 4238 suo
193 4177 386 4237 ecclesiastico
402 4172 580 4242 seculariter,
596 4188 712 4228 conver·

127 4256 168 4308 tat
183 4267 248 4307 eum
267 4250 297 4306 in
318 4248 498 4308 secularem?
515 4266 528 4301 a
544 4247 605 4302 haec
620 4244 711 4315 cirp-

126 4328 270 4380 certemus.

815 474 844 508 aa
865 453 1008 520 Cnnrsrcs,
1030 468 1056 507 ru
1084 470 1139 508 noc
1163 473 1184 511 a
1211 472 1371 512 enisurum·-

775 541 954 580 nccnnsranrn
991 541 1164 593 turrianus,
1204 545 1265 583 son
1301 544 1371 583 amn

775 614 939 661 mmsrnam,
951 613 999 651 sco
1010 614 1193 655 urarsrnsnn.
1207 630 1246 641 ·—·
1257 601 1301 665 Et,
1313 598 1373 671 quit

775 666 803 724 in
836 667 991 724 moralibus
1023 667 1118 738 magis
1151 678 1279 727 movent
1305 671 1371 727 lacta

774 755 861 811 quam
874 738 1058 820 verba,'ideo,
1076 739 1128 811 qui
1142 745 1236 814 carpit
1246 745 1372 810 sacmeel

774 812 877 868 docere.
894 828 927 867 ex
948 811 994 866 hrs
1016 827 1080 881 qum
1105 812 1170 883 egit
1198 815 1372 871 demonstrat

775 882 849 953 quod
865 880 970 948 docuit,
989 886 1019 938 ut
1037 882 1060 938 si
1081 882 1165 941 dicta
1182 884 1372 958 parvipende-

774 958 848 1021 rent,
864 954 1066 1011 erubescerent
1080 954 1118 1011 ad
1133 971 1153 1011 o
1179 973 1247 1026 era,
1258 964 1288 1014 et
1302 958 1374 1014 indu

774 1024 812 1081 cit
835 1024 1027 1096 suimetipsius
1046 972 1235 1098 cnempiirm,
1252 1029 1311 1087 sire
1329 1031 1371 1085 dat

774 1095 898 1166 seipsum
922 1095 979 1152 illis
1002 1095 1238 1170 inexemplum,
1259 1100 1368 1158 dicens:

774 1170 850 1225 Sicut
879 1170 968 1224 Filius
998 1169 1120 1225 bominis
1151 1188 1216 1227 non
1246 1176 1320 1228 emit
1343 1172 1369 1229 in

775 1240 912 1295 mundum
929 1242 1104 1303 rrrinistrari,
1126 1247 1159 1297 et
1182 1242 1369 1301 ministeriun

774 1312 809 1366 ab
833 1309 898 1366 aliis
924 1310 1069 1382 accipere,
1096 1312 1144 1368 vel
1173 1315 1368 1388 temporaliter

774 1381 924 1439 dominari.
941 1383 1002 1438 Non
1015 1382 1094 1438 enim
1107 1383 1244 1455 legimns
1256 1387 1368 1459 discipu·

773 1452 816 1510 los
840 1468 906 1510 eum
930 1453 1128 1525 discalceasse,
1148 1473 1216 1514 non
1239 1459 1366 1523 manicas,

773 1541 836 1581 cum
852 1542 881 1581 sc
894 1525 1011 1592 lavaret,
1022 1525 1166 1597 tenuisse,
1184 1546 1246 1587 non
1257 1530 1366 1602 genibus

772 1597 936 1668 provolutos
961 1602 1028 1653 ante
1053 1613 1120 1654 eum
1154 1600 1217 1657 hoc
1238 1602 1283 1658 rel
1308 1601 1364 1658 illud

772 1667 875 1750 egisse,
895 1669 937 1723 vol
953 1667 1029 1724 aliud
1044 1669 1256 1740 huiuscemodi
1271 1672 1323 1729 sibi
1335 1674 1364 1728 le

773 1755 865 1821 cisse;
882 1740 931 1796 sed
946 1755 1046 1796 omnes
1061 1740 1150 1798 simul
1169 1744 1363 1811 comedebant,

772 1811 884 1882 sibique
907 1810 968 1868 sine
995 1810 1170 1882 praelatione
1197 1815 1362 1873 serviebant

773 1884 948 1939 Erubescant
959 1899 1027 1953 ergo
1038 1883 1087 1954 qni
1101 1885 1168 1941 haee
1180 1902 1200 1943 a
1211 1888 1304 1944 servis
1313 1886 1363 1943 suis

772 1961 913 2026 quierunt,
924 1953 991 2025 quia
1003 1954 1031 2010 in
1041 1956 1095 2012 hoc
1105 1956 1259 2016 Christum
1270 1958 1361 2032 praeire

771 2026 958 2082 contendunt.
980 2027 1034 2083 Scd
1060 2027 1160 2097 potius
1188 2030 1269 2087 venit
1285 2032 1361 2086 mini·

770 2103 904 2157 straraet
924 2096 1111 2155 ministerium
1129 2098 1202 2157 aliis
1225 2101 1360 2171 impende,

771 2168 877 2225 resicut
889 2174 965 2239 patet
980 2168 1008 2224 in
1022 2168 1129 2226 lotione
1143 2173 1359 2242 pedum,indis

772 2239 1360 2311 tributionepanum,inrestitutionesmi·

771 2317 872 2380 talum,
886 2311 914 2367 in
932 2311 1061 2368 discursu
1076 2313 1112 2368 ad
1134 2315 1352 2385 praedicandum.

772 2384 823 2440 Ubi
843 2384 972 2451 Oripenes
990 2403 998 2438 :
1016 2404 1029 2437 a
1044 2384 1127 2452 Nam,
1145 2387 1204 2443 etsi
1220 2386 1352 2460 bugellet

772 2456 883 2511 Martha
895 2454 1127 2511 ministraverunt
1140 2457 1169 2512 ei
1181 2475 1189 2526 ;
1203 2475 1266 2517 non
1277 2470 1355 2515 tamen

756 2526 835 2581 idco
860 2525 938 2582 venit
957 2532 987 2582 ut
1007 2526 1238 2599 ministraretur,
1261 2531 1320 2598 sed,
1334 2534 1360 2586 ut

772 2597 957 2655 ministraret.
970 2598 1163 2654 Ecclesiarum
1177 2617 1251 2673 ergo
1263 2600 1360 2675 princi·

771 2685 821 2797 Bes
836 2668 942 2725 imitari
958 2670 1062 2726 debent
1077 2670 1229 2729 Christum
1246 2672 1360 2731 accessi·

791 2741 868 2807 ilem,
882 2745 910 2796 et
923 2740 1018 2812 pueris
1033 2756 1137 2797 manus
1153 2743 1361 2816 imponentem,

771 2817 799 2868 et
823 2811 968 2881 discipulis
992 2813 1078 2884 pedes
1102 2813 1253 2873 lavantem
1269 2834 1277 2884 ;
1292 2822 1322 2874 ut
1337 2822 1362 2872 et

769 2882 824 2956 ipsi
850 2882 983 2939 similiter
1005 2883 1110 2940 iaciant
1133 2886 1290 2946 iratribus.
1306 2890 1360 2945 Non

769 2960 866 3012 autem
887 2955 959 3011 tales
978 2972 1086 3023 sumus,
1103 2960 1135 3012 ut
1153 2957 1245 3015 ctiam
1265 2959 1360 3032 princi·

770 3041 838 3098 pum
860 3025 959 3082 mundi
979 3027 1115 3083 excedere
1134 3030 1307 3099 superbiam
1323 3030 1358 3087 ri·

770 3098 899 3167 deamur,
923 3098 966 3154 vel
996 3115 1053 3155 non
1081 3097 1302 3172 intelligentes,
1321 3102 1357 3158 rel

770 3176 985 3226 contemnentes
1008 3169 1177 3227 mandatum
1203 3173 1354 3240 Christhet

770 3240 925 3369 quaerimus
953 3241 1024 3297 sicut
1052 3258 1134 3313 reges
1155 3243 1236 3300 acies
1256 3261 1355 3318 praece·

790 3320 880 3379 entes,
901 3318 930 3368 et
948 3312 1090 3370 terribiles
1115 3329 1179 3378 nos,
1198 3321 1227 3371 et
1247 3331 1354 3373 accessu

770 3383 902 3441 dilssciles
917 3383 1038 3441 maxime
1051 3386 1229 3456 pauperihus
1248 3388 1353 3444 exhibe-

770 3472 844 3519 mus.
862 3456 970 3513 nnllam
989 3456 1189 3514 affabilitatem
1209 3459 1353 3526 haberes,

769 3528 814 3584 vel
826 3528 931 3584 hahere
941 3529 977 3584 ad
985 3543 1036 3584 nos
1046 3527 1265 3600 permittentes:
1277 3552 1290 3583 n
1301 3532 1353 3587 hac

770 3600 909 3668 Oripenes.
919 3601 951 3655 Et
959 3616 1016 3657 non
1027 3605 1136 3655 tantum
1148 3602 1289 3671 praedicto
1300 3618 1352 3659 mo·

770 3669 1353 3739 doministraretlhristusrenit;sedetiam

769 3747 795 3797 ct
806 3742 872 3798 dore
884 3745 1006 3799 animam
1018 3758 1107 3809 suum,
1121 3741 1149 3798 id
1162 3749 1208 3800 est
1217 3745 1317 3811 attam,
1329 3748 1353 3799 in

768 3814 983 3885 redemptionem
1002 3830 1052 3886 pro
1070 3815 1178 3876 maltis,
1202 3814 1233 3871 id
1251 3822 1294 3874 est
1309 3831 1353 3889 pro

770 3884 814 3941 his
830 3884 877 3956 qui
892 3886 1009 3942 credere
1024 3885 1182 3942 voluerunt.
1201 3888 1258 3943 Pro
1271 3887 1354 3945 omni·

770 3957 824 4013 bus
844 3956 969 4028 quidem,
988 3962 1125 4029 quantum
1148 3957 1186 4013 ad
1212 3959 1354 4016 sufficicn-

769 4030 858 4097 tiam;
874 4028 923 4084 scd
938 4044 990 4100 pro
1006 4028 1111 4097 multis,
1125 4044 1183 4084 non
1199 4045 1252 4112 pro
1267 4029 1353 4087 omni-

769 4100 838 4161 hus.
864 4106 1000 4170 quantum
1030 4101 1066 4157 ad
1098 4100 1270 4158 efficaciam.
1296 4105 1353 4159 lton

768 4171 859 4253 solnm
873 4187 941 4242 ergo
953 4171 1150 4243 quodcumque
1162 4172 1353 4231 ministerium

768 4243 894 4300 exhibuit
923 4243 1070 4313 Christus;
1101 4243 1152 4300 sed
1182 4244 1355 4303 ministrarit

768 4313 852 4372 nohis
867 4313 908 4385 id,
928 4314 1004 4386 quod
1022 4330 1133 4373 summe
1152 4315 1315 4388 pretiosum
1328 4321 1356 4375 et
