2820 4928
177 309 218 365 ui
247 308 432 364 deditioni
459 310 568 365 titini
594 310 634 363 Ei*
660 308 901 367 stteutttilttts
929 312 1162 372 illilTOlllBUS·
1242 318 1289 371 tis

50 415 286 476 deminusrineae
299 419 409 478 colonis
422 421 581 491 istis,ni'unt
590 423 646 477 itti:

50 491 147 548 llutos
157 491 229 545 mete
236 492 344 562 perdet,
360 498 387 549 et
396 496 505 549 cineam
519 509 597 549 sueni
609 495 646 548 le·

51 562 199 619 cubitaliis
207 565 349 631 apricatis,
357 568 407 635 qui
417 566 536 622 reddent
550 569 575 621 ei
585 567 645 632 sru-

53 638 145 690 ectum
154 635 507 704 temporibussuis.Quihus
517 637 577 709 ipse
589 638 643 692 ait:

52 704 118 761 ldco
133 705 195 761 dieo
209 706 368 776 undisonis
383 711 526 775 auferetur
539 709 575 765 ab
591 708 643 773 cis,

54 773 194 831 sciliceta
208 777 285 832 uobis
299 794 415 846 repnum
429 783 480 835 Dei
494 798 503 848 ;
522 786 548 836 et
563 781 643 834 debi-

54 852 103 903 tur
115 851 193 915 penti
204 849 322 915 facienti
332 852 442 916 fructus
457 852 527 919 eius.
546 853 575 907 ln
590 852 644 906 hac

54 919 194 988 parabola
205 918 338 977 describit
354 922 547 994 multiplieiter
558 924 642 978 mali-

54 987 126 1044 tiam
151 994 180 1045 et
206 990 439 1061 ingratitudinem
466 994 642 1063 ludaeorum,

52 1058 161 1188 gruibus
172 1062 333 1134 Deuspater
342 1063 526 1134 lamitias,nui
539 1071 641 1121 natura

79 1133 204 1199 ominus,
227 1133 425 1192 benevolentia
451 1142 541 1208 pater,
557 1138 641 1191 homo

52 1204 278 1284 mansuetudine
298 1222 355 1263 non
379 1213 489 1275 natura,
510 1207 641 1263 similitu·

51 1273 125 1331 dine
150 1290 208 1330 non
235 1276 362 1346 veritate,
386 1278 476 1336 multa
502 1277 642 1336 beneficia

50 1345 187 1402 contulit.
202 1348 309 1404 Demus
324 1356 419 1417 autem
431 1350 526 1416 lsrael,
543 1354 642 1422 etsyn·

49 1432 150 1487 agoga
168 1417 251 1474 vinea
269 1425 323 1488 est,
343 1438 375 1476 cii
399 1421 497 1478 electis
513 1421 641 1493 persenis

51 1488 288 1546 patriarcharum
298 1498 327 1547 et
338 1494 553 1564 Prophetarum,
569 1492 642 1549 sicut

50 1576 89 1617 ex
104 1558 209 1641 vitibus
224 1562 339 1631 optimis
355 1581 440 1636 quam
464 1565 499 1620 de
523 1567 640 1636 AEgypto

50 1631 217 1701 transtullt,
238 1640 267 1689 et
294 1632 323 1690 in
348 1641 425 1691 terra
443 1634 641 1708 promissionis

50 1701 215 1776 plantavit;
244 1703 289 1760 cui
319 1722 414 1778 sepem
444 1707 641 1776 circumdedit,

52 1773 218 1855 custodiam
228 1777 344 1847 quidem
358 1778 508 1849 triplicem,
524 1779 639 1835 scilicet:

53 1847 219 1917 angelicam
240 1863 325 1919 super
348 1866 445 1906 muros
463 1850 640 1917 Jerusalem3

54 1924 85 1973 et
112 1918 278 1988 humanam,
305 1921 413 1978 seilicet
436 1924 643 1993 protectionem

55 1987 229 2046 bellicorum
259 1991 400 2061 virorum;
428 1998 457 2049 et
486 1998 641 2060 terrenam,

55 2059 166 2116 scilicet
186 2061 375 2119 munitionem
386 2080 543 2121 murorum.
560 2065 594 2118 Et
605 2065 642 2118 to·

56 2131 100 2188 dit
123 2130 153 2187 ia
180 2148 213 2188 ca
228 2136 362 2203 torcular,
377 2135 407 2191 id
427 2144 469 2192 cst
487 2137 578 2206 legem
592 2136 643 2205 ju-

55 2201 154 2266 stitiae,
169 2218 202 2259 ac
216 2206 348 2262 timorem
362 2209 605 2279 comprimentem,
615 2211 643 2261 et

58 2274 153 2349 malos
166 2280 359 2346 torquentem,
377 2286 404 2335 et
424 2283 477 2335 hoc
494 2278 563 2334 ledit
579 2295 585 2332 :
603 2276 643 2334 si-

55 2345 134 2473 anis,
155 2346 240 2402 minis
253 2353 281 2402 et
294 2351 442 2420 promissis
458 2368 465 2418 ;
481 2357 510 2405 et
525 2349 562 2405 ibi
578 2349 644 2405 cedi-

78 2417 155 2473 carit
177 2418 291 2488 turrim,
309 2421 418 2478 scilieet
443 2422 579 2493 templum
607 2420 643 2476 ad

54 2490 165 2544 cultum
184 2489 321 2559 divinum,
337 2494 411 2564 quod
430 2492 532 2548 dieitur
546 2492 643 2560 turris,

53 2566 175 2633 propter
191 2565 373 2620 securitatem
387 2563 500 2631 referii,
515 2569 644 2635 respectu

54 2631 179 2688 aliarum
211 2634 368 2691 nationum.
394 2638 428 2691 Et
450 2608 558 2691 inravit
581 2649 644 2690 eam

53 2702 194 2774 agricolis
210 2710 238 2760 et
257 2706 406 2777 operariis,
423 2706 532 2763 scilicet
548 2722 643 2762 sacer·

53 2774 175 2856 dotibus
202 2780 230 2830 et
254 2776 440 2857 principibus,
465 2777 513 2849 qui
539 2778 645 2834 dehent

54 2853 217 2915 exstirpare
236 2848 304 2904 vitia
327 2856 472 2920 tamquam
493 2848 600 2919 spinas,
615 2856 644 2905 et

55 2917 186 2974 inserere
210 2917 327 2976 virtutes
343 2926 489 2992 tamquam
505 2922 579 2977 bona
598 2935 643 2975 se·

57 2988 148 3057 mina,
175 3004 208 3045 ae
234 3007 348 3048 servare
373 2994 480 3049 cultum
504 2991 642 3063 divinum,

60 3064 90 3115 ct
107 3059 249 3131 justitiam
272 3061 303 3118 in
327 3062 500 3119 hominibus.
521 3065 554 3118 Et
575 3078 643 3134 per·

61 3145 131 3201 gere
155 3133 298 3203 protectus
319 3140 373 3203 cst,
388 3152 445 3190 non
468 3133 521 3190 loci
549 3141 643 3189 muta-

62 3200 149 3284 tione,
161 3203 227 3284 quia
239 3206 314 3262 Deus
328 3212 371 3262 est
387 3205 505 3277 ubique,
516 3206 567 3262 sed
577 3222 644 3286 quo·

59 3288 138 3329 niam
153 3274 322 3333 vinitoribus
350 3276 471 3333 liberum
491 3278 642 3333 arbitrium

60 3344 641 3420 reliquit3vel,propterlonganimitatem,

59 3430 148 3487 quam
163 3416 192 3472 in
207 3420 361 3490 spectando
376 3420 642 3492 utapeccatiscon·

60 3495 242 3544 verterentur
256 3491 370 3559 habeit;
388 3490 643 3563 vel,propteripso·

60 3575 126 3615 rum
153 3560 367 3632 negligentiam,
395 3562 471 3634 quia,
489 3563 645 3619 secundum

60 3630 252 3700 Ambrosium,
267 3632 315 3704 qui
330 3633 435 3716 utrique
450 3650 577 3705 praesens
591 3639 644 3702 est,

62 3700 249 3773 diligentibus
262 3711 443 3785 presentior,
461 3710 490 3761 et
504 3705 646 3775 negligen-

62 3773 142 3830 tibus
156 3774 314 3845 absentior,
330 3781 382 3831 est.
400 3778 465 3833 Cum
480 3782 570 3831 autern
583 3779 648 3832 te'in·

60 3860 117 3917 pus
137 3846 280 3912 fructuum
303 3849 564 3918 appropinquasset,
581 3849 648 3918 quia

63 3920 130 3987 post
149 3917 253 3989 Legem
269 3924 431 3990 susceptam
449 3919 590 3975 debebant
610 3920 649 3974 ta·

64 4002 131 4044 cere
158 3988 281 4045 trucium
297 3990 437 4046 bonerum
451 4005 580 4061 operum,
596 3992 648 4043 mi-

63 4060 104 4114 sit
116 4074 209 4115 serum
222 4075 296 4128 suos,
311 4060 395 4116 idest
410 4059 517 4132 primes
530 4061 651 4131 Prophe·

65 4135 111 4186 tas
126 4132 165 4186 od
179 4133 329 4199 aurientes,
344 4131 374 4187 id
401 4138 446 4188 est
461 4131 498 4188 ad
519 4147 603 4202 reges
622 4135 650 4186 et

66 4203 230 4259 sacerdotes
254 4201 460 4275 principaliter,
476 4210 505 4259 et
523 4202 559 4259 ad
580 4202 651 4258 alios

66 4275 212 4349 subjectos
225 4273 267 4334 eis
289 4279 562 4349 consequeremur
581 4276 650 4331 reci·

701 426 799 491 pereat
810 424 919 490 fluctus
932 421 1003 492 ejus,
1014 437 1062 479 ees
1075 438 1127 495 per
1143 422 1286 552 Kraediea-

704 491 812 549 tionem
829 510 921 562 suam,
936 494 972 550 ad
997 495 1120 551 trucium
1163 513 1285 555 onerum

704 578 822 634 operum
836 566 1009 622 reducendo.
1026 569 1062 622 Et
1079 569 1217 634 epitonia,
1238 586 1255 624 u

702 637 843 704 prehensis
857 641 943 692 seruis
966 638 1035 705 ejus.
1052 637 1188 707 quoniam
1202 655 1249 695 mu
1262 640 1283 696 ti

704 722 785 774 reges
809 713 836 763 et
851 708 1012 764 sacerdotes
1029 710 1186 778 Prophetas
1205 711 1285 768 adse

704 778 805 833 missos
825 796 842 834 a
868 778 985 835 Domino
1012 782 1132 850 turpiter
1154 797 1284 854 compre·

702 848 870 917 haurientes,
891 867 940 906 eos
966 850 1039 906 male
1066 858 1283 910 tractaverunt:

701 923 788 976 otium
807 925 877 977 enuit
892 923 1055 984 ceciderunt,
1069 924 1156 978 elium
1183 926 1286 980 cende-

700 1000 766 1046 rnnt
789 995 875 1048 otium
887 1010 947 1048 uero
962 994 1167 1064 lapidaverunt.
1183 998 1284 1052 lterum

700 1067 777 1118 irrisit
797 1066 867 1119 elios
891 1081 981 1119 serens
1011 1066 1105 1134 plures
1128 1068 1281 1136 prioribus,

701 1135 914 1217 multiplicando
941 1134 1047 1191 scilicet
1062 1137 1230 1207 Prophetas.
1245 1138 1282 1195 ad

700 1206 794 1277 populi
819 1206 1037 1272 correctionem3
1055 1212 1081 1261 et
1093 1210 1217 1274 fecerunt
1245 1212 1284 1264 eie

699 1280 838 1337 similiter.
854 1277 920 1349 quia
937 1276 986 1349 ipsi
1012 1277 1114 1341 ingrati
1135 1281 1223 1334 Deum
1239 1278 1284 1335 iu-

699 1349 921 1418 houoraverunt,
936 1357 965 1405 et
979 1347 1111 1405 similiter
1131 1348 1196 1406 illes
1216 1352 1285 1407 Pro-

699 1421 800 1492 phetas
829 1419 968 1492 persecuti
995 1423 1060 1475 sunt
1085 1427 1115 1477 et
1135 1421 1286 1478 intersece-

700 1500 778 1548 runt.
794 1495 948 1550 Nouissime
966 1497 1067 1557 iiutem,
1084 1493 1112 1547 id
1131 1496 1175 1548 est
1194 1493 1223 1549 in
1241 1492 1284 1549 ul·

699 1563 776 1620 timis
792 1564 977 1636 temporibus,
991 1565 1068 1618 misit
1079 1564 1182 1619 Filium
1194 1580 1285 1629 suurn,

699 1651 750 1706 pro
767 1635 850 1692 nobis
864 1635 1041 1691 incarnatum
1054 1650 1138 1705 quem
1149 1635 1284 1693 heredem

700 1708 900 1763 universorum
911 1715 939 1762 et
953 1706 1286 1777 principemcognoscen-

699 1782 752 1845 tes,
763 1779 899 1848 ejecerunt
914 1784 994 1834 entre
1006 1781 1126 1841 vineam,
1139 1778 1284 1850 neganda,

701 1849 754 1917 vel,
774 1849 841 1920 qnia
866 1857 944 1905 extra
959 1853 1069 1919 portam
1091 1850 1283 1922 ierosolymo-

700 1936 763 1976 rum
789 1921 946 1976 ecciderunt
972 1919 1177 1991 crucifigende,
1192 1922 1287 1977 rolen-

700 1996 743 2046 tcs
757 1992 863 2047 habere
887 1990 1076 2047 hereditatem
1101 1993 1162 2060 ejus
1180 1996 1287 2063 tempe·

700 2064 801 2128 ratem,
822 2060 930 2117 scilicet
954 2062 1182 2131 possessionem
1206 2061 1287 2132 cogi·

702 2134 800 2190 tabant
817 2132 892 2189 enim
912 2135 987 2187 intra
1001 2148 1044 2187 se:
1055 2133 1082 2188 Si
1097 2133 1183 2188 istum
1194 2147 1285 2204 popu·

701 2206 742 2261 lus
763 2206 866 2262 babeat
884 2203 1045 2264 Dominum,
1063 2219 1178 2259 necesse
1197 2210 1240 2259 est
1255 2208 1285 2260 ut

701 2276 865 2333 amittamus
894 2273 1130 2331 consuetudinem
1155 2274 1283 2331 victima·

701 2365 765 2405 rum
781 2354 809 2404 et
833 2346 1000 2412 hostiarum,
1016 2362 1079 2416 quae
1095 2346 1131 2402 ad
1155 2351 1284 2403 nostrum

701 2417 1284 2492 parataestlucrum;siautemoccidamus

701 2488 1287 2562 eum,sicsempertenebiturconsuetudo

701 2563 913 2619 offerendarum
938 2560 1106 2627 hostiarum,
1129 2559 1218 2616 etsie
1238 2560 1289 2616 siet

702 2642 801 2690 nostra
818 2632 969 2703 possessio,
982 2637 1010 2688 ct
1027 2630 1081 2686 crit
1094 2635 1190 2687 nostra
1203 2633 1288 2687 here·

701 2705 784 2762 ditas.
802 2704 883 2762 Venit
898 2710 993 2761 autem
1010 2701 1146 2758 Dominus
1160 2702 1197 2758 ad
1208 2702 1286 2773 judi·

702 2776 833 2844 candum,
854 2780 883 2832 et
907 2775 983 2832 istud
1009 2776 1114 2830 laetum
1134 2774 1286 2830 vindican-

701 2849 780 2913 dum,
797 2848 912 2920 quando
926 2864 958 2904 ei
971 2847 1033 2917 ejus
1048 2844 1229 2901 ordinatione
1242 2860 1288 2900 ve·

701 2921 743 2975 nit
762 2923 862 2975 contra
880 2919 993 2976 indaeos
1013 2915 1154 2972 exercitus
1182 2918 1286 2972 Roma·

701 3006 802 3047 norum
814 3008 820 3058 ;
831 2996 859 3046 et
869 2990 960 3045 malos
971 2990 1044 3044 male
1054 2987 1189 3059 perdidit,
1201 3003 1288 3059 quan·

700 3064 736 3118 do
751 3061 895 3117 civitatem
911 3074 1010 3117 eorum
1028 3064 1056 3115 et
1071 3058 1208 3131 templum
1238 3074 1288 3129 per

699 3136 844 3191 Romanos
855 3132 1037 3200 destruxit,ac
1049 3133 1187 3202 poputum
1199 3128 1290 3186 occidi

701 3211 729 3262 ct
741 3203 877 3276 captivari
892 3203 969 3259 lecit.

738 3297 752 3332 a
777 3277 841 3331 lieii
864 3277 1010 3343 Ecciiisis,
1024 3292 1084 3337 oen
1111 3291 1158 3329 asi
1177 3272 1289 3330 Canisii

702 3365 860 3404 nannniris.
883 3375 914 3387 -
944 3346 1090 3402 llereditas
1113 3345 1216 3403 Christi
1244 3351 1290 3400 est

701 3419 787 3476 etiam
800 3417 923 3475 Ecclesia
938 3433 1024 3489 quam
1035 3415 1129 3475 Judaei
1146 3416 1287 3487 praecipue

702 3489 1056 3558 moliebantur,dum,tlde
1067 3490 1129 3563 ejus
1141 3486 1287 3555 exstincta,

699 3563 837 3634 justitiam
863 3577 927 3617 iure
945 3577 978 3617 ex
999 3562 1073 3632 Lege
1093 3565 1144 3628 est,
1171 3573 1291 3632 persue-

703 3635 771 3690 dere
787 3632 869 3689 Genti
883 3632 948 3688 ihus
961 3632 1147 3689 conabantur.
1167 3632 1232 3686 llaec
1247 3630 1288 3686 le·

703 3712 814 3772 cerunt,
831 3710 861 3759 ut
871 3703 912 3758 sic
926 3703 1031 3773 ingrati
1047 3703 1114 3760 mali
1133 3702 1207 3757 male
1221 3715 1289 3771 per·

705 3777 819 3844 dantur,
834 3781 862 3830 et
879 3773 980 3830 merito
996 3776 1184 3839 damnentur,
1201 3777 1229 3826 et
1254 3770 1290 3827 ab

706 3850 747 3904 eis
775 3860 895 3917 regnum
923 3844 984 3916 Dei,
1000 3845 1108 3902 scilieet
1126 3861 1133 3898 ε
1150 3842 1288 3906 Christus,

707 3917 852 3987 Scriptura
877 3932 968 3982 sacra,
997 3933 1048 3974 seu
1081 3913 1290 3996 scripturarum

706 3987 905 4060 intelligentia,
929 3988 1011 4056 tides,
1031 3984 1166 4051 Ecclesia,
1183 3988 1212 4063 et
1234 3989 1293 4038 vita

709 4066 816 4116 eterna
830 4060 994 4127 adteratur;
1010 4063 1039 4113 et
1052 4057 1107 4112 hee
1119 4057 1243 4126 pertinet
1256 4053 1293 4109 ad

708 4132 871 4188 tudaeorum
889 4129 1129 4198 reprobationem.
1149 4123 1204 4180 Sed
1217 4124 1294 4196 quod

709 4205 846 4274 sequitur,
863 4199 987 4274 pertinet
1004 4199 1041 4278 ed
1058 4193 1211 4277 Gentilium
1225 4209 1293 4251 con-

710 4273 870 4332 versionem
880 4270 978 4329 :iinea
988 4284 1065 4326 euim
1076 4266 1209 4326 Ecclesia
1223 4266 1297 4325 leec-
