2820 4928
255 330 294 383 ns
321 328 507 385 nrlnslona
535 332 703 386 baudilii
734 330 840 385 SUPER
869 328 970 382 darni
998 328 1087 381 lliSl'.
1247 327 1289 379 159

547 690 685 765 CAPUT
711 690 804 763 XXV

299 911 339 958 DE
360 911 525 960 aranslohn
551 910 705 959 annonam
732 910 825 957 SUPER
845 910 942 973 §APUT
960 910 1043 956 insu.

222 1080 346 1141 ldatthaei
361 1098 424 1157 cap.
438 1083 532 1154 XXVI,
551 1079 788 1156 Marcimeni
808 1088 837 1141 et
853 1082 974 1141 loannis
989 1099 1053 1156 cap.
1069 1085 1127 1141 xli.

94 1304 108 1341 a
129 1283 268 1351 nonnus,
284 1284 444 1341 Barnunan
460 1298 585 1351 mutnus,
605 1300 648 1340 iu·

52 1357 647 1427 nannonunSinomsmrnosr.-hppro·

55 1424 216 1507 pinquante
226 1431 323 1485 autem
334 1430 474 1500 tempore,
486 1424 516 1482 in
529 1442 584 1498 quo
597 1428 649 1483 Do

57 1499 158 1556 minna
170 1498 228 1571 pati
245 1498 395 1572 disposuit,
410 1515 428 1557 a
449 1515 499 1570 pro
522 1497 649 1568 inquarit

55 1570 123 1699 ἐξ
143 1569 217 1653 loco,
231 1571 263 1627 in
282 1586 338 1642 quo
357 1514 646 1652 ejusdem'Passionis

105 1646 306 1715 pensahonem
317 1642 410 1700 tacere
424 1642 533 1708 voluit;
552 1648 582 1698 ut
594 1657 646 1713 per

56 1714 116 1773 hoa
128 1712 288 1781 intimaret,
299 1715 374 1787 quod
384 1712 546 1770 voluntarie
559 1718 589 1794 et
597 1730 648 1770 sua

54 1790 161 1915 }ponte
175 1790 332 1859 pateretur,
350 1791 379 1843 et
395 1789 515 1842 mortem
528 1785 646 1843 subiret.

72 1873 138 1915 esus
151 1872 215 1929 erpo
227 1864 292 1915 anta
303 1874 352 1915 sea
362 1859 431 1929 dics,
448 1856 646 1914 solemnitatis.

54 1931 181 2000 Paschae,
193 1929 223 1986 id
236 1935 279 1987 est
289 1935 368 1987 sexta
382 1929 428 1986 die
444 1934 511 1986 ante
526 1930 646 1998 Pascha,

55 2000 169 2061 scitica
193 2002 324 2073 sabbalo,
340 2006 408 2059 ante
428 2017 524 2057 ramos
541 2001 648 2057 Palma·

54 2088 134 2143 rnm,
154 2077 229 2130 amit
240 2074 413 2131 bethaniam.
434 2072 580 2144 Intelligas
601 2073 647 2131 hic

55 2145 137 2203 diem
151 2146 268 2203 Paschae
283 2162 340 2203 non
354 2144 495 2203 decimam
514 2150 646 2216 quartam

56 2216 146 2302 primi
162 2218 282 2289 mensis,
306 2217 337 2275 in
353 2233 410 2290 qua
438 2217 473 2274 ad
498 2231 647 2288 vesperam

54 2288 265 2348 immolabatur
293 2305 386 2361 agnus
411 2287 565 2362 paschalis3
597 2290 646 2345 secl

52 2360 135 2421 diem
146 2360 274 2433 quintam
288 2361 440 2428 decimam,
450 2360 557 2416 scilicet
569 2359 647 2417 illam

51 2432 160 2507 inqua
178 2449 282 2505 passus
297 2438 339 2493 est
354 2432 492 2514 Christus.
508 2448 573 2559 3¹]ae
589 2436 648 2488 tota

52 2510 121 2565 erat
135 2504 239 2563 festiva
253 2512 282 2563 et
301 2505 448 2564 solemnis.
464 2506 505 2561 Un
528 2519 543 2559 e
563 2506 646 2560 Theo-

47 2578 154 2653 philus
175 2594 184 2633 r
201 2596 216 2631 a
231 2576 347 2635 Decima
362 2581 460 2634 autem
474 2575 521 2630 die
542 2575 648 2632 mensis

49 2664 166 2725 agnum
181 2648 272 2707 ludaei
298 2648 417 2721 capiunt
438 2646 647 2704 immolandum

50 2720 167 2805 inipso
186 2722 259 2779 testo
277 2723 413 2790 Paschm3
434 2736 467 2775 ex
486 2724 552 2775 tunc
571 2719 647 2776 enim

51 2793 222 2852 festivitatis
237 2794 389 2867 praelibanl
408 2790 556 2858 solemnia,
577 2807 646 2863 qua·

50 2870 177 2940 propter
192 2865 223 2921 in
237 2865 284 2922 die
302 2882 365 2938 qum
380 2868 424 2920 est
441 2865 645 2931 henamensis,

53 2942 87 2995 et
102 2936 240 3010 precedit
261 2943 372 2996 sertam
402 2935 479 2991 diem
500 2943 567 2991 ante
598 2936 649 2991 Pa·

58 3008 142 3073 seha,
155 3009 307 3080 epulantur
331 3007 491 3081 splendide,
509 3012 538 3063 et
563 3022 646 3063 eror-

59 3078 143 3137 dium
156 3078 219 3139 isati
246 3082 320 3138 hanc
346 3080 422 3138 diem
450 3077 644 3147 constituunt;

83 3166 123 3209 uo
135 3150 168 3208 m
179 3158 209 3210 ut
225 3156 309 3211 lesus
325 3168 438 3225 quoque
452 3166 575 3223 pergens
593 3152 645 3206 Bc-

59 3232 70 3281 t
93 3221 200 3289 aniam,
213 3225 413 3282 convivaretur
429 3243 465 3280 r»
477 3224 539 3278 haec
560 3224 644 3278 Theo-

52 3296 167 3371 philus.
182 3295 248 3354 ldcn
264 3302 359 3354 autam
373 3299 448 3352 uenit
465 3296 644 3364 bethaniam,

55 3368 110 3426 aba·
121 3370 244 3425 Lazarus
257 3372 351 3438 (aer-at
364 3374 498 3435 mortuus,
508 3384 587 3437 quam
602 3383 646 3423 su·

55 3442 176 3499 saitaeit
192 3443 281 3505 Jesus,
297 3445 328 3498 ut
351 3439 448 3497 Lazari
464 3437 645 3495 resuscitatio

56 3518 259 3582 renovaretur,
282 3529 316 3571 ac
343 3509 489 3569 memoriae
516 3510 645 3567 omnium

56 3584 169 3643 arctius
186 3582 420 3657 imprimeretur3
437 3586 465 3640 et
483 3588 513 3639 ut
528 3582 644 3639 inexcu-

55 3655 166 3713 sabiles
179 3657 269 3714 ludaei
289 3657 324 3713 de
347 3661 440 3713 morte
466 3654 538 3711 tanti
559 3653 646 3711 susci-

56 3726 162 3786 tatoris
175 3733 329 3786 tractantes
348 3727 602 3795 conlunderentnr‚
617 3731 646 3783 et

55 3816 93 3858 ex
103 3801 242 3858 memoria
252 3799 378 3857 miraculi
389 3798 494 3857 ibidem
509 3798 574 3855 lacti
586 3806 645 3854 tur·

56 3873 97 3930 ba
108 3872 206 3944 populi
221 3878 383 3930 moreretur
398 3870 514 3928 adeum
530 3870 645 3926 honori·

56 3944 114 4001 lice
127 3942 319 4017 recipiendum
333 3944 363 4000 in
376 3942 518 3999 ciuitatem
532 3944 646 3999 Jerusa-

57 4016 116 4073 lem
131 4023 197 4073 ante
213 4033 294 4074 suam
312 4015 488 4079 Passionem,
504 4013 576 4070 sicut
589 4014 646 4069 hre-

56 4088 339 4161 ratpraedictumper
347 4086 511 4144 Zachariam
524 4087 647 4156 Prophe·

59 4163 134 4229 tam,
147 4158 290 4218 dicentem
307 4160 450 4217 :Exsulta
477 4160 558 4224 satis,
586 4158 647 4224 tilia

59 4233 141 4301 Sion,
153 4231 329 4359 inhumana
340 4232 491 4313 Jerusalem
503 4250 512 4298 ς
529 4244 587 4285 ecce
595 4244 646 4284 reor

60 4308 129 4361 taras
146 4307 222 4361 venir
236 4308 260 4361 rr·
284 4307 300 4376 '‚
313 4308 367 4360 etr.
384 4304 483 4357 scum
496 4317 565 4367 erpo
591 4301 646 4353 ho-

704 1279 799 1339 minus
821 1280 935 1341 ludmos
958 1281 1136 1354 conspirasse
1158 1280 1187 1338 iu
1210 1300 1289 1341 suain

705 1362 836 1424 mortem,
856 1356 1102 1427 appropinquante
1122 1356 1240 1424 Pascha,
1260 1356 1290 1412 in

704 1442 761 1496 quo
773 1442 864 1497 agnus
876 1426 1014 1497 piaschalis
1026 1425 1236 1494 immolabatur,
1247 1444 1291 1484 ro·

705 1498 840 1554 vertendo
854 1497 930 1555 verrit
941 1500 1000 1571 ipsc
1012 1499 1090 1570 quasi
1102 1515 1193 1570 agnus
1204 1500 1240 1555 ad
1254 1498 1292 1556 vi·

705 1572 829 1635 elimam,
856 1575 886 1627 ut
910 1570 950 1628 sic
968 1573 1064 1641 Agnus
1081 1587 1164 1628 verus
1190 1569 1290 1627 imme-

704 1641 781 1699 diate
804 1648 867 1714 post
893 1642 1117 1700 immolationem
1143 1642 1211 1715 agni
1237 1660 1291 1716 pa·

704 1713 807 1770 schalis
835 1714 1032 1772 immolaretur
1060 1732 1111 1788 pro
1142 1713 1234 1785 nobis,
1263 1720 1291 1773 et

705 1786 808 1842 ceritas
825 1788 924 1857 siguum
942 1788 1115 1853 succederet,
1142 1792 1170 1843 el
1192 1803 1291 1844 verum

706 1859 815 1913 Pascha
830 1858 1011 1914 haberemus
1031 1861 1065 1914 Et
1080 1862 1142 1914 erat
1160 1858 1190 1914 in
1206 1860 1290 1915 dorna

705 1929 830 1985 Sinrnnis
847 1929 926 2001 prius
954 1929 1070 2002 leprosi,
1099 1935 1165 1984 tunc
1195 1935 1291 1986 autem

705 1999 852 2068 mundati3
867 2001 934 2071 quia
956 2000 1050 2057 luerat
1065 2001 1206 2071 leprosus,
1228 2005 1256 2056 et
1275 2017 1292 2057 a

706 2071 828 2129 Dorriino
850 2076 978 2140 sanatus,
1005 2071 1056 2127 sed
1080 2076 1177 2127 tamen
1199 2071 1292 2128 adhuc

705 2143 859 2216 pristinum
874 2160 979 2200 nomen
994 2144 1030 2199 ad
1048 2141 1216 2199 memoriam
1238 2142 1291 2199 mi·

706 2215 795 2272 raculi
823 2214 975 2286 retinebat,
998 2221 1029 2272 ut
1054 2214 1143 2271 uirtus
1169 2212 1294 2271 curantis

705 2294 866 2360 appareret,
888 2287 961 2345 sicut
981 2288 1075 2345 adhuc
1091 2286 1196 2344 dicitur
1222 2288 1290 2344 hiat-

705 2361 797 2417 thmus
809 2359 987 2432 publicanus,
1002 2360 1068 2417 licet
1084 2375 1147 2417 esso
1161 2359 1289 2433 publica·

704 2448 758 2489 nris
784 2432 911 2489 desierit.
944 2433 1015 2489 ilinc
1044 2431 1178 2505 colligere
1193 2448 1291 2504 possu-

705 2520 778 2573 nius,
803 2505 880 2576 quod
908 2504 974 2561 licet
999 2521 1016 2561 a
1048 2508 1164 2576 peccato
1191 2509 1290 2561 nostro

705 2577 833 2633 mundati
863 2574 1021 2644 luerinurs,
1054 2590 1167 2646 semper
1196 2580 1292 2632 tamen

703 2645 796 2719 ipsum
821 2647 851 2704 in
871 2646 1011 2705 memoria
1038 2648 1075 2704 ad
1097 2645 1292 2717 paenitentiam

703 2720 810 2777 habere
824 2721 971 2777 dehemus.
990 2722 1069 2776 Hunc
1083 2718 1228 2776 Simonem
1244 2718 1291 2775 le-

703 2808 819 2862 prosum
843 2792 960 2849 tradunt
976 2791 1064 2849 luisse
1079 2791 1193 2848 beatum
1205 2790 1292 2848 lulia-

704 2880 782 2931 num,
798 2863 839 2919 sic
857 2870 957 2936 postca
983 2869 1126 2931 uocatum,
1142 2867 1170 2918 ct
1185 2862 1290 2918 tactum

704 2938 950 2992 cenomanensem
972 2935 1152 3007 Episcopum,
1168 2931 1213 2989 cui
1238 2932 1292 2990 iter

702 3014 821 3077 agentes
840 3007 939 3065 dicunt
960 3014 1042 3080 pater
1062 3010 1165 3073 noster,
1187 3009 1219 3061 ut
1236 3005 1289 3061 bo·

701 3095 770 3135 num
785 3079 910 3136 habeant
925 3080 1089 3153 hospitium.

739 3171 753 3206 a
770 3152 858 3207 Cmsn
869 3169 959 3207 iniussi
970 3170 1059 3209 sacrm
1072 3167 1248 3206 siomricnrio
1259 3167 1290 3205 nr

702 3240 899 3279 connncnrmm.
927 3254 961 3266 —
992 3228 1123 3281 Fecerunt
1141 3228 1232 3279 autem
1255 3223 1291 3291 ei,

702 3294 823 3351 Domino
843 3312 944 3351 ennam
960 3296 1020 3366 ibi;
1042 3302 1067 3353 et
1077 3297 1190 3351 Martha
1204 3296 1290 3350 mini·

701 3368 820 3436 strabal,
833 3370 957 3424 Lazarus
972 3384 1045 3437 vero,
1062 3366 1198 3424 invitatus
1213 3383 1230 3423 a
1245 3363 1289 3424 Si·

701 3455 796 3505 moue,
820 3456 892 3496 anus
911 3444 971 3496 crat
996 3456 1031 3496 ea·
1056 3440 1290 3496 discumbentibus

701 3529 762 3568 cum
773 3528 813 3568 eo.
833 3512 882 3568 Pie
897 3512 1070 3569 credendum
1084 3518 1128 3569 est
1142 3513 1218 3583 quod
1234 3527 1290 3568 coe·

702 3600 739 3639 na
765 3585 896 3653 honesta,
923 3591 951 3641 et
974 3586 1081 3666 absque
1103 3584 1170 3641 lurn
1193 3581 1290 3650 luerit,

702 3670 789 3726 quam
808 3656 938 3713 lecerunt
951 3656 978 3713 ei
999 3673 1048 3728 qur
1071 3655 1243 3730 praedicator
1260 3658 1289 3711 et

702 3732 814 3783 amator
836 3727 1020 3799 parcimoniae
1036 3728 1152 3785 exstitit.
1177 3726 1291 3785 Martha

702 3798 882 3856 ministrabat
897 3799 1030 3871 ibi,qnia‚
1040 3800 1196 3857 secundum
1209 3812 1291 3868 quos·

702 3868 1289 3947 dam,domusllarihmeratpossessione,

703 3943 753 3999 sed
764 3943 887 4000 Simonis
903 3943 1006 4016 leprosi
1020 3940 1207 4007 habitatione,
1220 3938 1292 3994 alias

703 4014 742 4071 ibi
771 4031 829 4071 non
848 4015 1097 4081 ministravissseu
1129 4010 1184 4077 rel,
1197 4010 1291 4082 potest

704 4085 772 4156 dici,
791 4087 868 4159 quod
887 4089 940 4146 iste
962 4087 1059 4145 Simon
1085 4087 1147 4139 erat
1171 4081 1291 4162 ldarthm

704 4156 822 4229 ricinus,
851 4165 879 4216 et
906 4164 1023 4231 propter
1044 4156 1098 4211 hoc
1119 4153 1181 4223 ipsa
1205 4168 1289 4233 mini·

704 4230 815 4288 strabat
829 4230 857 4287 in
881 4231 967 4288 domo
986 4229 1058 4299 ejns,
1075 4223 1148 4282 sicut
1161 4225 1292 4307 hommes

706 4301 797 4356 solent
815 4302 908 4357 tacere
935 4301 962 4355 in
983 4295 1114 4353 cloaribus
1132 4311 1290 4353 amicornm
