2820 4928
76 316 124 375 est

78 506 195 556 cunctos
207 496 378 568 judiciorum
394 496 455 567 ejus
466 495 580 561 oblitos,
595 495 662 550 huie

78 570 175 627 seculo
193 568 367 640 conspexerit
391 583 452 623 esse
474 567 660 639 mancipatos,

79 641 146 713 quia
161 641 225 697 licet
242 640 338 696 mundi
355 639 491 695 terminus
506 638 573 696 olim
588 655 663 711 prae-

79 713 161 770 lluito
188 713 224 769 sit
245 718 380 768 venturus
398 710 428 767 in
445 720 586 783 tempure;
615 710 662 766 lri·

79 789 213 857 gescnnle
233 789 329 840 tamen
347 786 423 840 circa
443 784 528 840 linem
544 782 662 839 raritate

80 857 245 920 multorum,
268 862 347 912 tanta
363 857 522 912 crebrescet
544 854 661 912 hnmani

79 928 193 1001 generis
211 927 358 999 iniquitas,
380 933 410 984 ut
437 928 536 984 merito
559 928 661 984 debeat

79 1017 143 1057 cum
162 1000 234 1072 ipsa,
258 1016 343 1071 quem
362 1000 510 1068 inhabitat,
525 1001 594 1056 orbe
613 999 660 1055 de-

78 1072 229 1130 laridum
256 1077 284 1129 et
308 1088 383 1128 nunc
403 1072 516 1144 quidem
534 1075 662 1128 innume-

78 1162 127 1203 ros
140 1146 211 1201 adeo
231 1143 460 1201 commessationi
475 1153 502 1201 et
518 1142 660 1212 ebrietati,

79 1216 216 1290 emptioni
252 1222 280 1273 et
307 1216 471 1285 venditioni,
505 1215 661 1288 ceterisque
689 1246 692 1253 ,

79 1289 178 1346 misndi
206 1290 289 1345 rebus
315 1290 453 1344 inliaernre
475 1288 613 1357 videmus,
632 1293 662 1343 nt
690 1278 693 1371 l

78 1362 173 1434 palam
188 1360 306 1417 clistricti
321 1360 429 1417 tudinis
444 1359 514 1416 iram
531 1376 580 1416 eus
595 1376 661 1432 prn-

78 1449 179 1489 vorare
203 1449 260 1487 non
289 1436 382 1488 lateat.
398 1433 453 1489 Sed
476 1437 571 1488 tamen
587 1431 661 1504 quod

79 1504 139 1560 sina
156 1504 235 1576 gravi
262 1519 384 1560 moerore
405 1506 518 1574 sapiens
540 1503 661 1576 quisque

79 1576 180 1632 saltem
206 1576 330 1645 rogitare
361 1591 418 1631 nou
449 1575 532 1643 valet,
565 1577 662 1645 pejora

76 1647 136 1719 jam
157 1648 274 1717 jamque
298 1653 503 1718 superventura
528 1646 662 1702 lormida-

79 1718 242 1788 mus,quod
270 1720 346 1773 enim
375 1719 408 1773 ‹le
437 1735 493 1773 uria
519 1719 662 1790 quondam
691 1686 694 1769 i

78 1792 235 1864 peccatrice
251 1790 468 1861 gentedetcnda
480 1789 640 1846 dictumest
653 1808 660 1846 :

79 1862 200 1921 Necdum
229 1864 365 1933 completa
398 1868 463 1919 suut
499 1865 662 1933 iniquitates

79 1936 310 2002 Amorrlraorum,
327 1936 360 1991 ile
385 1939 445 1991 tota
464 1934 561 2006 procul
577 1935 663 1991 dubio

79 2023 231 2080 pravorum
258 2023 351 2063 massa
370 2007 533 2064 damnanda
553 2013 665 2064 constat

79 2096 142 2137 csse
167 2078 358 2137 sentiendum.
385 2101 399 2130 a
424 2111 457 2121 -
480 2079 607 2152 llyslice,
623 2097 665 2136 se·

79 2152 203 2208 cundum
227 2152 359 2209 eumdem
379 2153 490 2221 licitam,
515 2153 596 2219 loth,
615 2154 663 2224 qui

80 2221 284 2294 interpretatur
302 2224 460 2282 declinans.
483 2229 526 2279 est
545 2225 665 2305 populns

80 2294 244 2362 electorum,
261 2295 308 2364 qui
328 2294 396 2349 dum
421 2294 451 2349 in
476 2295 665 2364 Sodom1S‚i(l

79 2371 122 2422 est
143 2363 217 2421 iuter
241 2365 377 2435 reprobos
402 2371 431 2421 ut
446 2367 556 2423 advena
574 2384 664 2423 mora·

79 2441 135 2505 tur,
147 2442 282 2507 quiritum
297 2436 370 2492 valet
381 2453 479 2494 eorum
494 2439 602 2494 scelera
617 2439 666 2496 de-

79 2508 175 2565 clinat.
198 2510 320 2565 Exeunte
335 2513 429 2565 nutem
442 2511 512 2566 Loth
525 2511 560 2567 de
573 2511 664 2568 Sodo-

79 2597 138 2651 ma,
153 2580 235 2652 perit,
252 2583 327 2653 qnia,
339 2582 493 2638 secundum
510 2584 665 2651 Glsrqsnsto·

80 2671 163 2714 mum.
180 2653 316 2725 quamdiu
336 2659 399 2709 sunl
416 2654 546 2711 lroiiiines
555 2656 664 2724 fideles,

79 2732 134 2783 stat
155 2726 206 2782 iste
229 2726 362 2794 mundus,
383 2731 492 2782 etcum
516 2727 610 2784 Sancti
628 2729 665 2784 de

80 2798 186 2855 mundo
197 2798 343 2858 deliciunt.
358 2802 402 2854 est
417 2797 512 2869 utique
526 2816 643 2856 casurus
656 2817 662 2869 ;

82 2869 123 2926 sie
141 2872 237 2940 etiam,
251 2869 462 2941 egredientibus
481 2872 615 2929 Israelitis
630 2872 665 2929 de

79 2945 208 3014 AEgypto,
225 2943 428 3000 exterminatus
449 2950 492 2999 est
517 2947 662 3017 AEgyptns.

80 3017 145 3071 llaec
160 3014 246 3085 igitur
259 3015 392 3086 praedicta
405 3015 558 3079 audientes¹
567 3017 665 3073 timea-

80 3104 142 3144 mus
158 3093 236 3144 uetus
252 3097 373 3144 nostros.
389 3091 416 3143 et
431 3091 466 3144 ab
488 3088 546 3145 olio
573 3106 605 3145 ae
623 3088 664 3145 la-

80 3157 174 3215 sciviis
188 3162 291 3216 amota
305 3158 489 3225 abstinentes,
506 3163 581 3218 etde
597 3178 666 3225 ttl'ae·

79 3230 170 3286 teritis
185 3231 382 3303 poeriitentinm
396 3238 523 3301 agentes,
535 3234 571 3290 ad
585 3233 663 3289 illam

79 3301 156 3357 diem
172 3302 284 3359 Domini
295 3319 348 3359 nos
360 3302 420 3359 siue
430 3305 584 3363 cessatione
593 3322 667 3379 pras-

81 3387 224 3444 paremus.

114 3447 130 3498 5
148 3445 186 3497 Du
202 3460 255 3499 uuo
269 3461 428 3501 nssuuesno
444 3465 476 3501 nr
492 3464 597 3503 anieno
617 3465 664 3505 ne·

78 3531 243 3577 brunussno.
260 3546 294 3556 -
310 3516 426 3583 Deinde,
439 3522 503 3589 post
519 3517 665 3575 incertitu-

79 3586 174 3643 dinem
192 3585 328 3656 temporis
345 3588 455 3658 judieii,
471 3589 595 3645 ostendit
615 3590 665 3646 iu-

78 3659 278 3717 certitudinem
305 3659 406 3716 salutis
428 3659 663 3732 judicandorum,

77 3749 114 3790 ne
133 3734 196 3804 quis
215 3733 251 3788 de
268 3748 318 3789 suo
336 3742 410 3790 statu
431 3739 598 3804 presumat,
620 3737 663 3792 vel

78 3822 108 3862 se
133 3805 234 3872 elevet,
252 3803 318 3876 quia
340 3804 463 3863 inomni
482 3813 559 3863 statu
580 3814 665 3866 eruut

76 3877 164 3948 aliqui
179 3876 272 3946 electi,
287 3883 315 3933 et
331 3876 419 3949 aliqui
442 3878 566 3950 reprobi.
591 3883 665 3937 Tuae

78 3948 198 4006 enimin
213 3951 265 4006 illa
282 3953 359 4006 noete
383 3949 582 4017 tribulationis,
598 3952 665 4023 quia

76 4021 267 4079 Antichristus
282 4022 353 4078 hora
372 4023 553 4079 tenebrarum
567 4030 620 4093 est,
636 4030 664 4081 et

77 4092 208 4150 similiter
241 4101 284 4151 est
311 4093 339 4150 in
360 4100 442 4151 nocte
472 4094 582 4163 mortis,
610 4098 663 4153 duo

13 4207 17 4215 .
77 4170 156 4221 crum
176 4168 206 4221 ia
225 4183 303 4235 aqro,
327 4165 355 4223 id
379 4173 423 4225 est
442 4165 471 4223 iu
489 4165 664 4237 agricultura

76 4236 263 4309 praelationis,
279 4238 327 4309 qui
343 4244 470 4311 praesunt
483 4238 663 4308 Ecclesiis,et

16 4346 17 4350 =
77 4309 411 4387 operanturinEcclesiae
421 4311 661 4372 ministerialem·

423 315 580 370 SECUNDAE
607 313 726 369 elutis
753 311 856 365 ctrut
884 313 954 369 xlv

75 425 255 500 judicaturus
268 422 437 482 semanimo
450 427 587 493 tempore,
604 437 660 494 quo
691 421 695 489 Ι

717 436 803 551 ¹quam
822 420 851 477 in
865 436 934 492 agro
956 418 1021 489 Dei,
1042 424 1077 478 ut
1092 426 1197 493 surget
1212 428 1239 480 et
1250 439 1303 506 pro

740 493 795 550 ciat
819 493 920 549 messis
936 495 1025 566 hujus
1053 493 1121 565 agri
1151 495 1303 552 Dominici:

717 583 788 622 uuus
807 570 971 621 assumetur.
991 564 1110 622 scilicet
1131 567 1169 622 ad
1188 568 1305 638 gloriam.

717 643 748 694 ut
763 637 897 709 prelatus
921 638 1015 695 bonus
1033 643 1064 694 et
1091 638 1196 708 utilis;
1212 647 1237 696 et
1250 657 1306 696 imus

717 711 898 781 relinquetur,
920 709 957 766 ed
971 725 1107 781 poenam,
1122 711 1233 768 scilicet
1248 729 1307 784 pra·

718 781 792 838 latus
821 781 913 838 malus
942 787 972 838 et
1004 782 1134 839 inutilis.
1154 785 1237 852 ltem,
1261 786 1308 841 due

718 859 800 910 erunt
814 855 943 909 molentes
957 857 987 909 ia
1007 857 1090 910 mola
1119 855 1150 912 id
1173 863 1217 912 cst
1233 856 1259 913 in
1271 874 1305 912 ex·

689 910 692 995 l
717 924 815 982 ercitio
833 924 1049 997 actionisque
1067 927 1097 983 in
1120 928 1243 985 modum
1257 945 1304 985 tun·

717 997 751 1054 lae
773 996 894 1053 volvitur
919 997 1186 1067 sollicitudinibus,
1207 1008 1235 1057 et
1250 1018 1305 1073 per·

717 1070 787 1126 tinet
800 1069 837 1126 ad
855 1070 977 1152 populos
999 1072 1053 1142 qui
1076 1071 1256 1129 seminarum
1268 1090 1305 1129 uo-

717 1141 793 1198 mine
808 1141 1005 1212 designantur,
1025 1142 1098 1215 quia
1112 1149 1262 1216 mmquam
1273 1145 1305 1201 iu·

719 1213 793 1270 firmi
825 1214 1028 1287 apraepositis
1058 1223 1211 1287 reguntur
1241 1235 1305 1272 :uua

718 1292 872 1341 assumetur
884 1287 919 1343 ad
935 1286 1073 1357 gloriam,
1085 1287 1204 1344 seilicet
1214 1291 1302 1361 iustus.

719 1365 744 1413 et
759 1376 814 1413 una
824 1360 997 1429 relinquetur
1010 1360 1050 1415 ad
1064 1375 1199 1432 poeuam,
1215 1361 1305 1416 scilicet

719 1428 851 1501 injustus.
867 1433 946 1499 ltem,
958 1434 986 1486 in
998 1433 1055 1485 illu
1069 1440 1154 1487 noete
1170 1441 1248 1489 erunt
1262 1434 1303 1488 eu

719 1506 749 1559 in
769 1504 836 1557 lecto
856 1519 919 1565 reue,
944 1502 974 1558 id
997 1509 1045 1558 est
1075 1503 1106 1559 in
1135 1505 1232 1576 quiete
1249 1522 1303 1561 cou-

720 1573 924 1646 templationis,
941 1573 988 1646 qui
1019 1574 1115 1632 otium
1139 1582 1169 1632 et
1196 1576 1303 1650 quictem

720 1647 840 1717 eligunt,
860 1652 888 1702 ct
913 1662 1006 1718 neque
1026 1648 1159 1718 negotiis
1183 1649 1303 1706 ecclesia·

720 1719 808 1786 sticis,
840 1735 932 1790 neque
961 1720 1148 1777 secularibus
1178 1721 1304 1794 occupati,

721 1791 770 1848 seu
786 1789 911 1847 velutad
926 1792 987 1847 baec
1001 1790 1115 1848 infirmi
1128 1795 1264 1850 secedunt
1276 1795 1304 1848 al

720 1863 809 1919 otium
825 1869 852 1918 et
866 1862 954 1934 quieti
973 1879 1036 1919 esse
1053 1863 1193 1936 diligunt,
1209 1882 1263 1921 nau
1280 1880 1304 1920 se

721 1933 833 2005 magnis
856 1934 1016 1991 actionibus
1043 1940 1269 2009 committentes,
1283 1942 1305 1992 el

721 2007 845 2078 quodam
861 2007 945 2063 niodo
965 2008 993 2063 in
1015 2012 1109 2064 stratu
1142 2008 1305 2066 infirmitatis

721 2081 809 2135 Deum
829 2085 974 2149 rogantes,
986 2096 1070 2143 unus,
1085 2080 1200 2138 scilicet
1214 2083 1304 2145 bonus3

721 2156 875 2207 assumetur
892 2151 928 2207 ad
952 2152 1094 2219 salutem;
1114 2160 1142 2209 et
1164 2157 1244 2217 alter,
1260 2153 1305 2209 sci·

721 2222 787 2279 licet
807 2224 908 2291 malus,
923 2222 1106 2295 relinquetur
1123 2226 1160 2283 ad
1176 2226 1307 2282 damnali·

722 2309 815 2351 cuein.
835 2296 866 2351 ln
884 2294 1009 2367 quolibet
1024 2312 1095 2367 ergo
1113 2297 1238 2355 istorum
1252 2305 1306 2353 sta-

721 2371 800 2422 tuum
816 2366 975 2423 ostenditur
985 2367 1101 2440 aliquos
1116 2386 1181 2426 esse
1197 2371 1304 2435 electos,

721 2443 750 2496 et
760 2438 872 2511 aliquos
884 2440 1020 2511 reprobos
1033 2458 1040 2510 ;
1051 2440 1080 2497 io
1095 2441 1229 2512 quolibet
1240 2439 1305 2497 enim

721 2516 788 2568 sunt
806 2510 871 2568 boui
898 2519 926 2567 et
950 2513 1026 2568 mali.
1049 2513 1135 2583 Quia,
1154 2513 1304 2570 secundum

721 2585 920 2653 Augustulum,
939 2583 970 2640 iu
989 2588 1068 2640 omni
1090 2585 1270 2653 conditione,
1283 2588 1305 2640 et

721 2656 810 2727 gradu
831 2656 946 2727 optimis
968 2655 1055 2713 mixta
1079 2664 1150 2713 sunt
1178 2657 1304 2728 pessima.

721 2729 756 2783 Et
776 2727 825 2798 qui
845 2727 912 2784 boni
942 2727 1048 2785 luerint
1071 2735 1259 2786 assumentur
1276 2727 1303 2783 ad

721 2799 825 2871 gandia
844 2808 952 2858 aeterna
968 2800 1015 2856 ubi
1037 2806 1064 2857 et
1085 2799 1303 2874 christusque

720 2873 769 2927 ulti
780 2874 867 2939 fuerit
883 2888 991 2944 corpus.
1007 2872 1037 2928 id
1053 2879 1098 2929 est
1119 2873 1261 2931 Dominus
1278 2872 1301 2927 iu

721 2959 849 3014 corpore,
864 2943 971 3001 scilicet
985 2944 1123 3007 Christus,
1141 2946 1190 3028 qui
1206 2952 1249 3002 est
1262 2945 1301 3000 tn·

723 3030 768 3072 mo
786 3032 950 3088 corporeus,
966 3023 994 3072 et
1009 3015 1072 3073 ideo
1088 3019 1263 3090 aquilarum,
1279 3013 1300 3069 td

722 3094 766 3144 cst
781 3088 942 3145 animarum
960 3094 1124 3145 sanctarum
1144 3091 1252 3161 prada,
1268 3088 1300 3142 ili

722 3162 961 3230 coaqreqaduntur
979 3166 1005 3215 et
1024 3163 1139 3233 aquila,
1152 3161 1301 3234 spirituales

723 3230 752 3288 in
767 3249 896 3303 corpore,
915 3231 1022 3288 scilicet
1043 3234 1141 3290 Sancti
1168 3240 1198 3290 et
1218 3229 1300 3294 electi,

723 3304 770 3375 qui
794 3305 855 3377 ejus
871 3304 1037 3361 Passionem
1063 3305 1302 3375 humilitatemque

723 3376 872 3443 imitando,
900 3381 1046 3449 tamquam
1075 3377 1112 3434 de
1142 3379 1206 3450 ejus
1228 3389 1303 3433 carne

723 3454 896 3518 saturantur,
912 3465 1032 3519 quorum
1055 3465 1108 3521 per
1126 3447 1303 3506 resurrectio·

724 3538 799 3590 uem,
812 3523 990 3579 renouabitur
1001 3527 1032 3576 ut
1046 3524 1151 3648 aquilae
1162 3523 1301 3591 juventus:

722 3593 789 3649 mali
815 3610 882 3650 vero
906 3610 971 3650 rum
989 3592 1106 3650 diaboo
1132 3596 1169 3650 ad
1196 3603 1301 3665 poeuaiit

722 3681 860 3722 aeiernam
885 3664 1093 3737 relinquentur.
1124 3668 1158 3722 Et
1182 3665 1302 3732 iileo,ut

722 3737 825 3793 dicitur
844 3737 873 3793 in
893 3740 989 3795 Osee:
1013 3738 1170 3795 Consolatio
1199 3739 1303 3793 ausuu-

722 3810 784 3866 dita
798 3815 838 3865 est
852 3810 888 3865 at
911 3811 997 3866 oeulis
1012 3812 1091 3878 mus,
1108 3812 1243 3881 queniam
1255 3812 1304 3879 ipse

721 3884 794 3936 iuter
804 3884 909 3950 fratres
918 3881 1034 3937 diuidet.
1046 3882 1117 3939 Cum
1128 3899 1198 3955 ergo
1212 3881 1305 3938 dicitnr

722 3953 798 4025 quod
813 3952 848 4010 de
868 3970 948 4026 agro,
963 3958 992 4011 et
1009 3952 1044 4011 de
1062 3954 1151 4021 mola,
1168 3959 1198 4011 et
1221 3954 1256 4011 de
1268 3951 1304 4033 ⁸le

721 4035 776 4095 cto,
796 4042 870 4083 uuus
888 4032 1062 4094 assumetur,
1078 4031 1107 4082 et
1130 4026 1206 4084 alter
1225 4025 1305 4103 reliu-

720 4103 834 4169 quetur,
845 4115 903 4155 non
918 4099 952 4155 de
967 4098 1078 4155 duobus
1094 4098 1262 4156 hominibus
1273 4098 1307 4150 «tt-

720 4176 796 4227 ctum
815 4176 869 4239 est,
889 4171 940 4227 sed
959 4170 995 4228 de
1015 4169 1129 4228 duobus
1159 4171 1306 4243 generibus

720 4241 913 4300 affectionum.
930 4245 986 4300 Nec
1011 4241 1068 4300 alia
1092 4241 1230 4301 videntur
1250 4253 1304 4299 esse

718 4330 824 4389 genera
838 4314 997 4386 homiuum,
1012 4313 1119 4389 quibus
1132 4320 1247 4375 constat
1262 4314 1305 4370 Er·
