2820 4928
122 365 155 419 tt
491 366 645 421 SECUNDAE
672 368 791 424 rantis
818 367 923 423 caret
950 367 990 421 ΙΙΙ

126 475 168 535 illi
183 477 324 549 vixerunt,
335 484 364 539 et
377 495 428 539 nos
441 479 563 540 emendo
575 478 713 551 altimum

127 557 156 609 et
171 566 256 619 uuam
284 551 453 623 dilexerunt,
471 556 500 611 et
518 568 570 611 nos
589 552 655 610 totis
670 552 714 612 ui-

127 624 238 681 serihus
253 640 394 682 amamus.

163 700 180 751 8
192 698 279 753 'liuor
287 714 492 767 orscrrnuouuu,
504 712 574 761 nuos
587 715 715 755 unccmm

128 768 262 825 Cuntsrus
293 787 472 833 nbuoomrnn.
501 801 537 811 —
563 769 628 831 Sed.
649 769 716 843 qtria

127 840 255 899 humana
274 841 413 912 fragilitas
430 843 458 899 in
478 841 631 907 praesentia
649 859 715 900 ma-

124 910 237 995 lestatis
251 912 431 987 opprimitur,
444 912 511 985 quia
526 914 635 981 pondus
647 915 715 971 divi·

125 983 226 1051 nitatis
242 991 270 1041 et
286 994 468 1057 conspectum
483 987 638 1059 maiestatis
657 987 715 1057 glo-

126 1055 178 1121 rie
199 1057 273 1119 terre
290 1074 348 1123 uon
367 1059 450 1124 valet,
468 1057 543 1129 ideo,
559 1059 713 1119 subditur:

126 1127 714 1203 etuueientndisciputtvocemterribitom

38 1246 41 1251 .
126 1200 162 1257 dc
172 1201 257 1271 nube,
269 1200 424 1259 ceciderant
433 1205 462 1261 in
475 1204 563 1270 [ecies
572 1220 647 1264 sues.
657 1220 713 1263 non

126 1270 201 1333 aeut
223 1272 301 1345 mali,
323 1280 490 1335 retrorsum.
515 1274 594 1332 Unde
617 1279 714 1333 flemi-

126 1347 190 1427 pies
206 1368 213 1403 z
230 1368 242 1397 a
260 1347 292 1403 ln
305 1362 338 1401 eo
353 1362 421 1403 vero
436 1345 512 1421 quod
527 1346 616 1409 sancti
632 1347 715 1405 disci·

125 1417 186 1544 pub
200 1415 230 1498 in
244 1416 346 1474 faciem
366 1417 541 1489 ecciderunt,
556 1419 715 1477 sanctitatis

138 1493 181 1547 utt
200 1487 352 1557 indicium3
369 1488 448 1561 impii
465 1489 541 1545 enim
559 1496 715 1548 retrorsum

127 1558 242 1627 cadunt,
263 1565 293 1616 ut
309 1560 380 1630 Heli,
396 1570 427 1617 ιιι
443 1564 472 1617 el
485 1560 573 1619 ludas
586 1562 716 1635 proditor

127 1646 192 1689 cum
210 1630 268 1689 suis
287 1631 456 1689 satellitibus
480 1649 487 1689 :
512 1652 527 1682 ι)
547 1633 609 1689 haec
627 1637 716 1699 lieni-

126 1704 199 1831 gius.
215 1703 325 1761 Cadunt
335 1720 403 1775 ergo
412 1701 481 1775 justi
492 1701 522 1759 iu
534 1703 645 1775 taciem,
657 1722 716 1765 mo·

148 1790 164 1830 o
181 1774 643 1845 proptertimorem,ulhic;modo
654 1794 715 1849 pru·

125 1844 438 1919 pterhumiliatiouem,
449 1845 573 1919 uthlagi:
586 1852 715 1921 Etproea‘·

125 1917 230 1985 dentes,
247 1919 526 1987 remunerantem
542 1918 626 1977 modo
645 1936 716 1990 pre-

126 1993 190 2061 pter
202 1987 360 2059 gratiarnm
374 1987 528 2059 actionem,
542 1995 574 2049 ut
589 1990 717 2051 seniores

128 2059 293 2121 ceciderunt
321 2059 352 2119 iu
380 2065 532 2133 corrspectu
561 2063 655 2121 throni
685 2063 715 2121 in

128 2130 215 2191 iacies
228 2149 303 2191 suas.
317 2138 354 2193 nt
373 2137 524 2191 timuerunt
541 2135 633 2205 ualde,
649 2134 716 2207 quia

127 2217 160 2259 se
183 2220 293 2263 errasse
315 2211 519 2277 cognorerunt,
540 2204 607 2276 quia
627 2209 715 2265 nubes

127 2272 224 2357 lucida
250 2274 393 2348 apperuit,
419 2275 486 2348 quia
510 2293 609 2335 vocem
634 2279 716 2351 qnasi

128 2348 329 2411 tonitrualem.
360 2346 468 2405 scilicet
498 2347 606 2413 Petris,
635 2350 716 2422 cujm

128 2417 270 2489 majestati
292 2418 378 2477 timor
403 2420 532 2489 debetur,
553 2420 714 2481 audierunt.

129 2488 175 2547 Ad
202 2490 275 2547 hene
301 2506 410 2557 uocem,
438 2498 469 2548 ut
494 2491 562 2549 dicit
584 2495 713 2565 Ephrem,

128 2559 264 2644 fugerunt
278 2563 439 2634 Prophetae,
455 2562 619 2622 ceciderunt
635 2568 716 2637 Apu-

128 2634 207 2701 stob,
228 2637 257 2691 et
275 2632 441 2693 timuerunt.
462 2634 626 2694 Tooitruum
646 2638 715 2709 qui·-

127 2702 193 2761 dem
206 2704 332 2764 terribile
346 2704 413 2774 tuin
431 2708 507 2764 uncia
521 2708 556 2765 ale
570 2709 576 2762 i
600 2724 631 2767 sa
645 2725 714 2767 voce

126 2779 206 2833 terre
224 2777 277 2837 suh
296 2776 363 2862 ipso·
376 2777 556 2839 contremuit.
573 2724 626 2837 deal
643 2797 714 2864 quos

125 2845 253 2928 hunuano
271 2848 410 2932 trapiacus
429 2851 576 2924 gravabat,
592 2853 714 2927 heringae

124 2932 189 2991 ptus
208 2922 344 2992 Magister
364 2923 452 2981 verbe
474 2921 581 2993 pariter
602 2929 630 2981 et
649 2932 714 2985 actu

126 2992 287 3057 consolatur
305 3000 333 3055 et
352 2992 446 3069 erigit.
466 2996 537 3055 Nam
559 2998 714 3055 clementer

126 3068 416 3138 nascentemque
429 3083 479 3137 per
488 3083 519 3123 se
529 3083 644 3149 surgere
657 3084 713 3131 non

127 3140 270 3214 poteraut,
283 3141 310 3193 et
323 3141 415 3205 tettpit
427 3153 482 3216 ees,
495 3138 673 3199 familiariter
685 3146 714 3193 et

127 3202 258 3272 dulciter,
273 3211 305 3265 ut
322 3213 400 3263 tactu
417 3206 565 3265 debilitata
585 3210 714 3267 membra

126 3275 282 3346 solidaret,
300 3278 431 3348 dixitque
449 3280 499 3345 eia,
515 3286 546 3335 ut
564 3283 669 3336 metum
686 3286 714 3337 et

127 3345 260 3409 timorem
287 3347 400 3419 iugarret
428 3372 435 3406 ι
464 3350 586 3419 surpite,
613 3356 714 3411 centra

127 3431 243 3487 casum3
259 3423 286 3479 et
302 3421 389 3481 nolite
407 3422 511 3492 timere,
530 3426 629 3482 contra
648 3437 714 3481 me-

125 3491 197 3549 tum.
218 3491 297 3551 Beati
327 3492 378 3560 illi,
404 3508 475 3563 quos
501 3495 593 3565 tangit
621 3495 712 3563 lesus,

126 3558 202 3640 beati
223 3562 274 3633 illi,
294 3578 366 3635 quos
384 3562 478 3631 tangit
495 3565 570 3620 selus
589 3574 617 3622 et
635 3566 711 3625 vital

126 3629 169 3691 ttb
185 3633 260 3714 enim
277 3640 406 3703 surgunt,
427 3635 466 3691 illi
485 3635 546 3696 sine
566 3637 713 3695 timerent

123 3716 216 3760 seeum
228 3712 304 3763 sunt.
319 3708 464 3777 Rogemus
474 3724 542 3780 ergo
558 3725 624 3770 eum
636 3716 668 3767 ut
681 3716 711 3767 et

124 3788 178 3856 nos
200 3782 310 3856 tangat,
329 3782 364 3858 et·
381 3795 398 3834 a
417 3794 518 3837 somno
541 3784 665 3852 stuporis
683 3788 712 3841 et

124 3850 296 3917 insipientiae
306 3854 421 3921 exertet3
434 3856 518 3923 atque
531 3852 566 3909 ad
576 3870 605 3909 se
616 3852 713 3911 rideo·

124 3915 191 4000 duur
224 3918 306 3977 nobis
337 3922 433 3979 oculus
465 3921 585 3994 aperiat.
618 3924 711 3983 Dulcis

124 4003 233 4049 amicus
259 3999 313 4061 est,
333 3994 400 4064 quia
424 3993 468 4065 pie
495 3996 659 4053 consulatur
683 4001 711 4053 ct

123 4066 257 4132 potenter
270 4064 395 4137 emutat.
412 4066 454 4122 hd
472 4071 580 4124 tactum
600 4075 712 4140 ergoet

123 4135 348 4197 consolationem
369 4138 436 4197 lesu
460 4136 645 4208 miseratoris,
660 4139 709 4210 uni

123 4208 273 4275 prostratis
301 4210 445 4269 dexteram
474 4210 512 4271 ed
540 4210 710 4273 beneticiutn

123 4277 220 4359 epxilii
246 4280 384 4363 porrigit,
408 4288 437 4342 et
455 4282 585 4355 jacentes
609 4280 710 4353 erigit,

123 4345 255 4423 osupub
270 4358 419 4428 eurotas
435 4362 464 4415 et
478 4355 598 4417 tomen
616 4356 708 4419 eccles

773 495 836 539 suos
855 480 987 535 neminem
1005 478 1144 545 viderunt,
1163 493 1214 534 nec
1231 480 1359 549 hlopsen,

773 568 826 609 nec
840 550 1004 615 Etiamnest
1016 552 1103 607 solutu
1119 552 1209 607 lesam
1224 549 1253 607 iu
1268 551 1361 621 figura

774 632 919 689 consueta,
936 639 992 694 qua
1008 623 1170 679 conversari
1187 623 1297 679 solebat
1312 624 1360 679 in-

772 702 817 752 ter
831 695 994 768 discipulus.
1010 696 1169 752 Secundum
1187 695 1323 761 deessem,
1337 694 1361 750 si

773 771 880 839 illapsos
900 772 927 823 el
948 769 1021 823 Elias
1045 771 1284 843 perseverassent,
1308 783 1360 821 vox

774 840 867 897 Patris
883 839 1027 895 uideretur
1056 840 1173 903 incerta,
1193 840 1237 893 cui
1265 840 1360 910 potius

773 911 967 969 testimouium
983 911 1125 981 dedisset;
1141 918 1168 966 ct
1184 908 1248 965 ideo
1265 926 1360 967 reces-

773 991 873 1041 serunt
887 982 938 1053 illi,
952 998 987 1039 ne
1008 983 1044 1039 ad
1059 998 1108 1039 ees
1126 998 1177 1037 ιοι
1194 980 1282 1039 Patris
1299 982 1360 1038 lieri

773 1062 931 1128 putaretur,
949 1055 998 1110 sed
1026 1061 1055 1110 ut
1082 1055 1117 1109 an
1146 1054 1237 1109 solum
1262 1055 1361 1110 lesum

772 1128 916 1201 pertinere
941 1126 1158 1196 intelligeretur.
1184 1125 1360 1193 allegorico,

772 1195 1361 1269 ablatanube,rideruutlloyseoetlilium

774 1270 1360 1339 evanuise,resolubilesumrenansisse3

772 1343 841 1417 quia
855 1349 1003 1416 postquam
1017 1340 1098 1412 Legis
1111 1348 1139 1397 et
1153 1341 1361 1412 Prophetarum

773 1417 876 1473 umbra
905 1415 1048 1481 discessit,
1079 1429 1143 1494 qaam
1172 1413 1253 1484 quasi
1285 1412 1362 1469 nube

774 1485 1053 1557 Apostolostexerab
1064 1485 1316 1551 uerteruntlesum,
1333 1490 1363 1539 et

775 1556 920 1626 Scriptura
934 1557 989 1617 illis
1004 1556 1128 1615 revelata
1143 1555 1211 1622 tuin
1228 1562 1257 1610 et
1272 1556 1362 1618 Evan-

774 1629 890 1702 gelium,
907 1629 937 1691 in
957 1646 1012 1703 quo
1034 1634 1186 1701 utrumque
1208 1628 1361 1698 reperitur,

774 1702 865 1761 solum
880 1702 1025 1759 remansit.

811 1798 826 1847 9
846 1774 1045 1832 Cononuenrtn
1063 1791 1143 1831 turen
1165 1789 1361 1829 uusunnecrro·

774 1864 829 1903 ιιιιιι
840 1864 964 1905 surenas
975 1864 1006 1903 ur
1018 1849 1145 1903 ilsrmsrn
1157 1861 1361 1903 sscnauenrnu.

777 1948 806 1961 -
819 1918 980 1977 Notandum
995 1923 1101 1985 outmn,
1112 1917 1267 1974 secuudum
1283 1918 1362 1974 tiles·

773 2006 844 2059 eum,
860 1991 937 2117 Quod
956 1991 1026 2046 hene
1045 1991 1179 2047 corruenit
1195 1991 1364 2061 mysterium

775 2076 860 2119 secun
883 2078 907 2119 ae
924 2063 1161 2133 regenerationis,
1176 2077 1239 2133 quae
1254 2060 1363 2117 scilicet

775 2132 831 2189 erit
845 2134 873 2189 in
889 2132 1109 2202 resurrectione,
1122 2133 1170 2189 ubi
1188 2150 1254 2188 caro
1271 2149 1363 2189 resus-

774 2205 917 2274 citabitur,
931 2220 993 2262 cum
1012 2203 1147 2276 mysterio
1168 2204 1280 2274 primae,
1297 2222 1361 2277 quae

774 2283 817 2332 est
830 2275 860 2333 iu
877 2275 1058 2347 baptismate,
1074 2278 1119 2333 ubi
1135 2276 1230 2333 anima
1244 2275 1363 2332 resusci-

772 2352 859 2405 tatur.
889 2350 920 2404 ln
949 2347 1122 2421 Baptismale
1150 2346 1227 2404 eninr
1258 2347 1361 2405 Christi

773 2418 901 2491 operatio
921 2419 1066 2477 Trinitatis
1084 2425 1198 2477 ostensa
1217 2424 1259 2475 cst
1278 2438 1283 2477 :
1308 2419 1362 2477 tuit

772 2489 851 2548 enim
870 2490 909 2547 ihi
930 2491 1017 2549 Filius
1037 2492 1214 2557 incarnatus,
1228 2494 1362 2563 apparuit

773 2561 803 2618 in
818 2561 911 2630 sitarcia
930 2563 1069 2621 columine
1090 2562 1208 2636 Spiritus
1229 2565 1361 2636 Sanctus,

773 2641 802 2691 et
816 2635 901 2691 Pater
920 2634 972 2691 luit
990 2635 1027 2691 ibi
1047 2638 1075 2691 in
1097 2651 1164 2690 uoce
1187 2634 1360 2695 declaratus.

773 2707 806 2763 Et
823 2705 954 2763 similiter
970 2705 999 2762 in
1019 2708 1280 2777 transfiguratione,
1297 2724 1361 2778 quae

773 2782 816 2834 est
831 2783 1041 2835 sacramentum
1056 2780 1189 2835 secundia
1202 2794 1361 2850 regenera-

772 2848 869 2915 tionis,
884 2853 944 2905 tota
962 2849 1083 2908 Trinitas
1103 2851 1234 2921 apparuit
1250 2870 1257 2908 ε
1275 2852 1361 2907 Pater

772 2922 802 2978 in
824 2921 1007 2988 vocalibus
1035 2921 1063 2979 in
1091 2921 1217 2987 horariae,
1239 2921 1362 2994 Spiritus

773 2994 892 3051 Sanctus
908 2993 936 3050 in
949 2994 1034 3059 nube,
1049 2995 1119 3050 Natu
1136 2992 1255 3064 gloriam
1273 2994 1359 3067 illius,

773 3080 857 3136 quem
877 3067 962 3123 modo
977 3066 1006 3121 in
1025 3065 1197 3136 Baptismate
1211 3067 1360 3122 credentes

772 3136 952 3205 confitemur,
964 3136 993 3195 in
1007 3137 1216 3195 resurrectione
1231 3136 1361 3195 videntes

771 3207 1005 3265 collaudabimus.
1030 3210 1086 3267 Nec
1111 3210 1217 3266 trustra
1239 3208 1360 3279 Spiritus

773 3278 891 3337 Sanctus
913 3280 958 3341 liic
979 3282 1007 3336 in
1029 3279 1124 3339 lucida
1145 3282 1231 3348 nulle,
1255 3281 1312 3336 illic
1332 3282 1359 3336 in

772 3348 903 3431 columba
915 3353 1234 3423 apperuitllunaemm
1246 3367 1360 3423 suaper

771 3435 880 3492 spectes
898 3422 1044 3481 declarare
1058 3425 1143 3493 solet;
1163 3426 1359 3481 innocentium

771 3496 866 3553 autem
882 3494 911 3552 io
926 3496 1098 3566 baptismate
1114 3497 1213 3563 donat,
1230 3511 1295 3567 num
1309 3511 1359 3564 per

770 3580 851 3623 avem
866 3564 1055 3637 simplicitatis
1069 3568 1253 3639 designatum
1269 3569 1358 3625 datu-

769 3638 1358 3710 rusestautemclaritatometreirigerium

768 3707 799 3765 in
826 3709 1046 3778 resurreetione,
1076 3717 1103 3765 ct
1129 3710 1192 3767 ideo
1221 3711 1250 3767 io
1284 3712 1359 3767 nube

769 3778 959 3853 refrigerium,
971 3787 1000 3839 et
1013 3782 1041 3838 in
1055 3781 1165 3852 irrigare
1175 3783 1261 3839 nubis
1271 3783 1358 3839 elari-

768 3856 813 3908 tas
824 3855 1032 3923 resurgentium
1042 3869 1192 3923 coeptorum
1206 3855 1357 3919 tipuratur.

768 3924 820 3992 Qui
841 3922 918 3981 euim
940 3941 1014 3981 ruunc
1031 3923 1150 3995 simplici
1167 3926 1253 3982 corde
1272 3925 1359 3983 sidem

768 4011 853 4068 quam
887 3996 1025 4069 percipit,
1055 4006 1167 4065 serrat;
1198 4006 1266 4053 tuuc
1296 3998 1358 4054 luce

768 4071 874 4138 epona
889 4068 1007 4126 visionis
1022 4069 1098 4139 ‹puod
1115 4067 1277 4125 crediderat
1294 4085 1358 4124 calo·

766 4139 962 4222 templehitur,
978 4139 1105 4211 ipsaque,
1124 4157 1208 4210 quarm
1227 4139 1359 4196 lustrabi-

765 4215 813 4270 tur
830 4228 860 4271 ιιι
877 4216 1056 4283 perpetuum,
1074 4212 1166 4283 gralia
1180 4217 1356 4283 purotegetur.

805 4305 837 4346 ro
861 4284 967 4341 Sarsura
989 4299 1122 4343 aestuans
1143 4300 1265 4345 reuersa
1287 4301 1358 4348 onus

764 4355 917 4417 luusroua
942 4371 1069 4417 ιιιιιιιιι
1097 4358 1222 4417 Iloumue
1250 4373 1286 4416 ιιι
1313 4370 1358 4415 eut
