2820 4928
86 284 133 342 tes
436 288 591 345 secnvon
617 288 738 344 rinus
766 285 867 340 cvrnr
895 282 972 339 ιιιιι

87 401 195 467 tamen,
210 396 286 471 quod
302 394 397 456 Sancti
412 396 538 453 viventes
550 395 579 452 in
594 400 671 452 terra

87 485 144 526 non
160 475 259 543 petunt
273 486 290 526 a
308 473 362 526 Deo
376 470 412 526 de
426 467 597 525 adversariis
612 466 671 523 vin·

88 541 193 598 dictam
225 559 275 612 per
305 543 443 613 gehennae
470 556 595 611 poervam,
622 539 672 596 sed

88 613 164 685 quod
181 612 308 669 conversi
324 615 360 669 ad
378 611 519 685 justitiam
539 611 673 668 desinant

87 701 148 741 esse
167 684 242 751 mali,
262 684 418 741 secundum
435 684 504 740 illud
522 682 586 741 lihri
608 686 673 740 l’ro·

88 755 250 813 verbiorunt
262 775 267 811 :
283 760 362 812 Verte
373 759 472 828 impios
483 763 508 810 et
518 773 571 811 non
582 760 671 823 erum,

88 826 196 883 scilicet
214 827 313 900 impii;
336 828 390 894 vel,
408 827 485 900 quod
502 830 606 883 amissa
622 843 672 898 po·

88 903 188 955 testate
206 915 290 969 quam
311 916 385 956 nunc
404 900 519 969 hahent,
541 898 673 955 desinant

84 971 177 1040 iustos
197 975 348 1042 persequi;
371 972 426 1039 vel,
443 970 509 1053 quia
528 971 564 1027 ad
582 972 672 1028 honos

86 1041 211 1114 pertinet
228 1044 302 1100 hona
322 1042 479 1125 spiritualia
508 1047 537 1098 et
564 1046 672 1099 aeterna

88 1113 146 1170 suis
173 1115 404 1186 persecutoribus
423 1120 533 1187 optare,
562 1120 590 1171 et
618 1115 672 1170 hoc

88 1186 173 1243 modo
186 1202 237 1259 pro
253 1185 295 1243 eis
310 1203 401 1243 orare.
419 1187 484 1254 Sed,
500 1185 566 1259 qnia
579 1202 672 1268 poenae

87 1258 260 1330 temporales
274 1265 341 1315 sunt
363 1260 495 1330 quaedam
511 1257 671 1327 medicina,

87 1334 115 1386 et
134 1329 228 1387 valent
245 1331 282 1387 ad
301 1329 532 1387 emendationem
555 1330 630 1397 vita,
644 1336 673 1387 et

85 1401 122 1457 ad
130 1401 459 1459 declarationemdivinae
467 1401 597 1475 justitiae,
608 1402 671 1459 ideo

87 1472 122 1529 ad
146 1475 263 1530 Sanctus
287 1475 360 1530 hene
383 1474 510 1555 pertinet
533 1479 631 1546 petere
655 1489 673 1530 a

86 1545 145 1600 Deo
167 1545 222 1600 hoc
249 1545 334 1609 modo
363 1545 516 1602 vindictam
545 1546 580 1601 de
611 1544 671 1601 suis

86 1616 326 1688 persecutoribus,
360 1632 417 1672 non
442 1633 475 1672 ex
506 1616 670 1685 motuum,

86 1686 136 1742 sed
152 1703 184 1741 ex
203 1689 263 1743 zeto
280 1685 412 1758 justitiae3
437 1693 466 1744 et
491 1687 532 1743 sic
557 1693 672 1744 nonest

88 1761 187 1814 contra
201 1757 272 1813 illud
288 1761 362 1828 qnod
379 1758 482 1816 dicitur
501 1777 508 1815 z
525 1759 606 1815 Orate
618 1775 670 1831 pro

85 1830 311 1902 persequentibus
325 1846 383 1894 vos,
401 1839 456 1887 etc.

125 1902 318 1958 dNncessims
339 1920 409 1959 riom
427 1921 461 1960 ιιι)
483 1919 622 1960 οιιιιιιιιιιιι.
639 1934 674 1944 -

87 1972 193 2029 Deinde
207 1982 269 2044 post
282 1973 452 2042 orationem,
464 1975 610 2047 subiungit
622 1977 675 2031 Do·

89 2043 184 2101 minus
201 2045 236 2102 de
255 2046 312 2103 tide
341 2046 603 2120 interrogationem,
634 2048 675 2103 di-

88 2133 171 2173 cens:
185 2120 376 2174 Verumtamen
385 2121 474 2175 Filius
485 2121 614 2184 hominis,
624 2121 674 2175 sci-

90 2187 154 2269 licet
173 2187 233 2261 ipse
253 2189 391 2257 Christus,
413 2194 522 2246 veniens
547 2192 582 2246 ad
599 2190 675 2262 judi·

89 2275 174 2325 cium,
188 2266 284 2330 putas,
301 2264 419 2315 inueniet
437 2263 517 2329 fidem
536 2265 566 2316 in
584 2266 676 2317 terro?

90 2329 173 2398 Quasi
195 2329 236 2385 eis
259 2330 393 2387 diceret:
415 2334 519 2389 Parum
539 2331 675 2402 inveniet,

91 2402 248 2482 respective
268 2402 410 2528 lopnendo
427 2404 462 2460 de
483 2404 537 2459 fide
554 2405 677 2462 formata

90 2477 218 2528 caritate.
231 2473 295 2528 Detl
317 2491 333 2531 ε
345 2474 576 2546 postorationem
587 2478 676 2533 inter·

90 2544 676 2621 rogahqniasisrdesdeticit,oratioperit.

91 2615 228 2682 Quomodo
252 2617 327 2674 enim
348 2621 522 2688 invocabunt,
547 2623 578 2675 in
600 2637 679 2691 quem

36 2719 42 2726 ·
92 2704 145 2744 non
155 2689 346 2746 crediderunt?
360 2692 432 2761 Ergo
443 2695 610 2759 moremus,
620 2708 680 2748 cre·

91 2759 209 2828 damus3
227 2765 256 2817 et
274 2765 304 2818 ut
324 2762 385 2834 ipsa
401 2761 481 2831 tides,
494 2779 550 2835 qua
565 2779 680 2820 oramus

95 2847 152 2887 non
181 2832 305 2902 deficiat,
324 2850 449 2891 oremus.
478 2835 557 2903 Quod
583 2844 679 2893 autem

92 2902 194 2984 quaerit
212 2906 348 2962 Dominus
371 2923 407 2962 an
432 2904 459 2963 in
476 2907 598 2963 adventu
627 2924 678 2964 suo

93 2977 221 3031 inveniat
230 2977 327 3045 fidem,
339 2979 393 3034 hoc
404 2995 462 3036 non
474 2978 539 3035 lacit
549 2978 680 3036 dubitan-

92 3044 139 3114 do,
154 3047 221 3119 quia
234 3049 330 3106 omnia
343 3051 435 3117 novit;
453 3052 502 3108 sed
519 3051 621 3123 quaerit
635 3066 679 3106 ar-

93 3132 184 3200 guens
201 3125 230 3175 et
243 3119 395 3194 increpans
421 3122 578 3179 infidelium
605 3124 676 3179 mul-

94 3189 256 3260 titudinem,
272 3192 338 3263 quia
350 3193 380 3249 in
392 3194 515 3250 adventu
537 3212 587 3251 suo
605 3195 677 3250 mul-

93 3263 138 3316 tos
155 3263 191 3318 ab
210 3263 383 3321 Antichristo
403 3266 536 3323 seductos
555 3266 678 3338 reperiet

92 3347 110 3388 a
138 3331 195 3388 tide
221 3334 367 3414 corruisse,
399 3345 529 3409 respectu
556 3353 678 3410 quorum

93 3418 198 3482 paucos
221 3406 345 3462 inveniet
360 3407 389 3463 in
406 3424 472 3464 vera
486 3409 552 3465 hdei
567 3409 677 3466 contes-

94 3488 172 3528 svone
187 3475 355 3546 perstitisse.
369 3480 447 3534 Tunc
471 3478 559 3547 enim,
578 3496 678 3536 secun-

92 3544 161 3601 dum
174 3546 287 3615 Bedum,
301 3554 381 3604 tanta
392 3548 446 3605 crit
459 3548 562 3606 raritas
575 3551 677 3607 electo-

96 3631 168 3684 rum,
186 3621 678 3683 utjnontamobclamocemtnttdo·

95 3686 679 3773 lium‚quam·obtorporemaliorumtotius

91 3776 151 3832 Jam
176 3762 273 3819 mundi
299 3763 334 3820 sit
358 3765 545 3822 acceleranda
568 3769 676 3823 ruina:

94 3833 229 3899 Quoniam
248 3834 324 3892 enim
349 3838 502 3893 abundabit
523 3841 677 3909 iniquitas,

93 3906 677 3973 refripescetetdellcietcoritnsmattorum.

129 3980 145 4044 l
165 3979 283 4036 Tntrnnx
303 3983 399 4037 Dounu
421 3999 569 4038 novennes.
588 4013 619 4024 -‹
634 3983 678 4049 Et,

95 4051 161 4118 quia
177 4050 216 4106 sic
232 4051 413 4121 praemunivit
432 4052 566 4110 Dominus
581 4053 680 4109 fideles

94 4126 194 4177 contra
213 4122 365 4181 adventum
381 4123 544 4180 antichristi
568 4133 597 4180 et
611 4140 679 4180 suo-

94 4206 158 4247 rum
171 4195 495 4273 pseudoprophetarum,
514 4211 548 4252 ac
563 4195 680 4268 insuper

96 4269 208 4321 monuit
221 4282 270 4323 eos
288 4282 371 4325 orare
399 4283 512 4340 semper
539 4266 569 4324 in
593 4267 681 4326 tantis

726 392 820 464 malis,
844 392 880 450 ad
911 387 1148 464 exspectandum
1174 388 1305 448 adventurn

727 481 820 534 suum,
834 480 909 521 nunc
920 463 1096 520 consolatur
1110 478 1165 519 eos
1174 478 1226 534 per
1241 480 1304 519 suun

727 534 1306 611 propinqnnmadventum.Ubisciendun,

727 609 880 678 quodcum
904 606 1007 681 triplex
1035 609 1076 664 sit
1106 607 1248 664 adventus
1271 609 1308 664 Dei

727 681 879 739 Salvatoris
893 679 991 747 aratri,
1018 679 1184 736 videlicet:
1213 679 1241 734 in
1258 695 1307 735 car·

727 752 847 821 nemin
874 758 1001 808 mentem
1033 755 1064 808 et
1104 750 1139 808 in
1165 750 1309 823 iudicinm3

727 823 812 899 primi
828 825 884 880 duo
912 829 977 880 sunt
998 822 1126 883 amoris..
1157 823 1257 879 tertius
1279 832 1310 879 et

728 896 856 965 timoris3
875 896 989 952 tertium
1006 895 1198 952 celebramus
1213 902 1312 967 propter

726 971 860 1098 primum,
873 972 901 1025 et
914 968 1043 1040 primum
1051 975 1181 1049 propter
1188 968 1310 1025 medium.

752 1057 767 1097 e
782 1042 905 1097 adventu
920 1038 997 1096 enim
1008 1038 1207 1111 adjudicium
1219 1039 1311 1096 mentio

727 1114 760 1168 tlt
773 1111 826 1169 isto
847 1116 975 1184 tempore
990 1109 1022 1167 in
1045 1109 1162 1180 officio,
1178 1116 1210 1167 ut
1224 1109 1311 1167 timore

727 1184 809 1241 nohis
824 1183 950 1240 immisso
966 1182 1004 1240 ad
1020 1184 1226 1239 venerendam
1250 1183 1312 1239 tutu

726 1272 788 1313 ram
808 1254 989 1312 testivitatem
1011 1254 1127 1311 Natalis
1158 1253 1269 1311 Domini
1289 1254 1311 1311 in

727 1343 842 1384 carnem
866 1343 918 1383 nos
941 1325 1098 1383 sollicitius
1111 1341 1310 1410 preparemus.

727 1401 767 1458 De
782 1399 905 1456 adventu
924 1400 953 1454 in
970 1413 1093 1455 carnem
1109 1399 1178 1455 ideo
1191 1399 1264 1455 testa
1276 1414 1311 1454 re·

727 1471 857 1541 colimus,
883 1474 1025 1542 quatenus
1054 1485 1112 1541 per
1139 1485 1176 1527 ea
1203 1471 1311 1527 Verbum

728 1548 866 1601 aeternum
882 1541 1045 1599 mentaliter
1064 1545 1225 1615 concipere
1236 1558 1310 1599 mere

727 1631 819 1683 amur,
839 1615 905 1670 dnm
923 1613 984 1686 ipsa
1009 1614 1152 1671 mentalis
1175 1614 1309 1686 conceptio

728 1692 771 1744 est
786 1685 907 1742 maxima
918 1684 1011 1759 gratia
1030 1685 1168 1743 omnium
1181 1687 1309 1743 donorum

728 1775 791 1833 quae
807 1759 836 1814 in
861 1758 915 1815 hac
940 1756 1008 1825 vita,
1030 1759 1202 1815 secundum
1231 1758 1309 1830 legen

729 1845 920 1893 communem,
934 1828 1038 1887 animae
1061 1830 1185 1888 devotae.
1197 1846 1249 1904 per
1259 1845 1309 1902 gra·

729 1903 798 1960 tiam
815 1902 1009 1959 conteruntur.
1033 1902 1117 1958 Unde
1134 1902 1209 1958 dicit
1222 1904 1309 1975 Aepu-

729 1978 830 2040 stinus‚
847 1973 922 2045 quod
936 1972 1048 2030 beatior
1063 1973 1119 2029 fnit
1136 1974 1230 2031 diaria
1248 1991 1309 2031 con-

730 2045 861 2118 cipiendo
874 2044 1015 2102 Christum
1028 2051 1142 2109 mente.
1159 2062 1246 2118 quam
1257 2062 1309 2102 car·

731 2135 778 2175 ne.
792 2120 826 2173 Et
842 2117 919 2190 quia,
945 2115 1021 2173 idem
1035 2117 1222 2185 Aupustinus
1244 2118 1309 2181 dicit,

714 2190 807 2261 ‘quod
827 2187 936 2246 timoris
963 2194 1006 2244 cst
1026 2204 1198 2260 praeparare
1218 2192 1310 2251 locun,

732 2267 761 2319 et
789 2261 864 2333 quod
884 2259 1037 2317 introducit
1071 2260 1226 2318 caritatem
1252 2260 1313 2317 sicut

733 2335 801 2391 loeta
820 2333 921 2401 hlium,
938 2331 1001 2387 ideo
1021 2331 1153 2388 Ecclesia
1178 2334 1313 2390 celebrans

732 2406 886 2463 adventum
901 2402 1012 2460 Domini
1025 2402 1055 2459 in
1069 2419 1203 2474 carnem,
1218 2404 1313 2477 pariter

733 2476 797 2534 etin
807 2482 940 2544 mentem,
950 2478 996 2546 nui
1008 2481 1078 2531 sunt
1087 2475 1232 2534 adventus
1244 2492 1312 2533 amo

733 2549 782 2619 ris,
798 2548 880 2605 simul
901 2546 1074 2604 mentionem
1096 2547 1168 2605 lacit
1187 2548 1217 2605 in
1231 2547 1314 2605 oiticio

735 2621 769 2677 de
783 2621 905 2679 adventu
918 2620 979 2700 ejus
993 2619 1028 2675 ad
1043 2619 1201 2690 judicium,
1216 2622 1265 2693 qui
1279 2626 1315 2676 est

735 2693 871 2750 adventus
886 2689 1005 2759 timoris,
1019 2698 1049 2746 ut
1064 2691 1203 2750 videlicet
1221 2709 1271 2766 per
1283 2692 1313 2748 ti-

735 2781 842 2821 morem
858 2763 1064 2831 introducatur,
1079 2779 1113 2819 ac
1131 2780 1184 2831 per
1198 2766 1253 2821 hoc
1266 2780 1312 2821 uos

735 2851 900 2893 moveamur
915 2835 951 2890 ad
970 2849 1136 2893 amorosam
1149 2836 1239 2893 nostri
1252 2838 1311 2894 hos·

733 2906 795 2980 pitii
808 2904 1066 2979 preparationem,
1079 2914 1226 2978 quatenns
1237 2910 1318 2965 Verbo

734 2986 841 3036 aeterno
854 2972 958 3034 mental
970 2977 1024 3033 iter
1037 2977 1066 3033 in
1080 2979 1168 3037 nobis
1180 2985 1317 3053 concepto,

733 3051 861 3107 dicamus
874 3065 938 3106 cnm
947 3050 1096 3120 Propheta:
1110 3054 1136 3107 Α
1147 3053 1253 3108 timore
1264 3061 1314 3119 tuo,

733 3119 1315 3196 Domivre‚coucepimusetpeperimusspi

733 3194 819 3252 ritum
849 3192 957 3250 salutis.
986 3193 1159 3252 consolatur
1185 3212 1255 3279 ergo
1276 3211 1314 3253 eos

734 3265 872 3325 Dominus
887 3265 922 3321 de
940 3280 990 3321 suo
1006 3264 1134 3322 adventu
1149 3283 1313 3340 propinquo,

734 3338 799 3412 qnia
815 3337 911 3394 statim
927 3352 984 3394 uon
994 3335 1173 3401 immediate.
1190 3340 1243 3396 sed
1257 3354 1311 3411 par·

734 3427 768 3467 vo
779 3416 908 3482 tempore
921 3411 1019 3481 elapso
1033 3416 1096 3481 post
1104 3408 1311 3467 tribulationem

733 3480 896 3540 Antichristi
927 3485 955 3536 et
990 3480 1311 3554 pseudoprophetarum,

734 3570 797 3625 qum
812 3551 926 3609 durabit
940 3567 992 3624 per
1008 3558 1068 3607 tres
1083 3567 1178 3609 annos
1202 3569 1265 3610 cum
1277 3553 1310 3607 di·

735 3625 821 3681 midio
836 3629 864 3679 ot
880 3622 966 3680 etiam
990 3626 1055 3695 post
1082 3627 1209 3682 mortem
1234 3623 1309 3697 ipsius

734 3695 899 3754 dntictrrisvi
922 3695 1101 3766 apparebunt
1127 3696 1213 3778 signa
1236 3692 1310 3753 mani·

726 3769 805 3824 ‘testa
819 3766 969 3839 propinqui
982 3765 1097 3837 judicii3
1113 3783 1184 3839 quta
1199 3766 1309 3840 posvtn

734 3838 909 3895 bulationem
937 3838 1025 3906 vllam,
1055 3844 1212 3911 antequam
1238 3852 1308 3909 appt-

735 3917 815 3966 reant
829 3909 911 3982 signa
925 3908 989 3976 ista,
1009 3909 1063 3966 erit
1087 3915 1204 3983 tempus
1226 3911 1308 3975 breve,

734 3980 1307 4054 scilicetquadragintadierumvelcirca,

735 4056 771 4110 ad
792 4052 971 4124 refrigerium
986 4055 1139 4120 bonorum,
1157 4063 1186 4111 et
1200 4053 1236 4110 ad
1257 4066 1307 4125 po·

736 4125 885 4183 nitentium
900 4126 1051 4192 malorum,
1064 4123 1094 4181 in
1109 4140 1167 4198 quo
1181 4124 1305 4199 penitere

758 4202 870 4254 oterunt
894 4195 947 4265 illi,
972 4195 1021 4268 qui
1041 4211 1093 4270 per
1114 4194 1304 4257 antichristum

736 4214 852 4327 fuerunt
864 4268 987 4345 decepti.
