2820 4928
87 317 134 376 3⁴8

86 427 117 484 in
136 427 247 500 Corpus
263 425 379 496 Christi,
394 425 471 499 quod
491 429 589 482 umen
613 439 673 483 non

87 503 132 556 est
145 500 263 556 materia
277 497 421 572 Corporis,
437 515 489 555 nec
503 497 590 555 etiam
609 497 673 554 ani·

86 586 151 628 mae.
173 601 206 613 -
226 572 362 638 Quartum
382 576 435 640 est,
461 570 538 642 quod
563 570 673 641 Corpus

86 658 146 700 non
166 648 285 713 augetur
297 658 330 701 ex
345 643 498 700 multarum
513 643 672 699 hostiarum

85 713 309 783 consecratione,
321 720 350 771 et
366 731 383 772 e
397 730 534 771 converso
550 730 608 770 non
622 712 673 770 rni-

85 785 183 842 nuitur
195 802 228 842 ex
243 801 343 843 earum
357 802 419 843 sum
442 785 530 842 tione.
542 817 577 827 -
586 784 672 854 Quin·

85 862 145 916 tum
164 862 217 922 est,
229 857 306 929 quod
325 858 401 916 idem
413 802 523 930 domus
542 856 628 914 simul
641 855 672 914 in

84 927 215 1002 pluribus
224 929 305 999 locis,
319 930 399 987 idest
409 928 606 987 subomnibus
620 929 672 985 ho·

87 1000 150 1058 stiis
165 1001 346 1059 consecratis
364 1007 416 1061 est.
435 1005 492 1059 ileo
515 1000 592 1058 enim
606 1016 675 1058 con·

88 1071 165 1130 venit
177 1089 241 1131 esse
260 1072 364 1147 ubique
384 1071 550 1146 simpliciter
564 1078 591 1128 et
605 1087 672 1145 pro-

88 1145 168 1274 pri&
183 1150 322 1203 creatura
337 1162 404 1203 vero
419 1148 448 1202 in
463 1145 525 1202 loco
538 1161 595 1201 uno
609 1149 673 1201 lan-

103 1233 150 1274 um
163 1234 239 1285 esse;
256 1219 364 1291 Corpus
377 1234 444 1274 vero
460 1216 563 1276 Christi
579 1214 673 1272 medio

89 1289 174 1346 modo
195 1290 281 1348 habet
295 1307 344 1348 se:
360 1305 424 1347 cum
442 1291 518 1348 enim
537 1287 573 1345 sit
590 1303 672 1344 crea·

88 1365 164 1430 tura,
179 1378 235 1418 non
247 1363 331 1419 debet
344 1362 488 1434 coequari
503 1359 631 1420 Creatori
644 1359 673 1415 in

87 1430 152 1501 hoc,
171 1435 247 1504 quod
264 1433 301 1489 sit
323 1433 430 1506 ubique
446 1452 452 1502 ;
471 1449 536 1491 cum
555 1447 623 1489 vero
638 1430 675 1487 sit

87 1505 198 1561 unitum
216 1504 368 1572 divinitati,
388 1506 472 1563 debet
494 1504 522 1560 in
541 1504 594 1559 hoc
616 1502 674 1559 alia

89 1590 209 1648 corpora
223 1577 371 1646 excellere,
389 1582 421 1633 ut
435 1575 521 1632 simul
542 1581 570 1631 et
583 1574 673 1630 semel

88 1646 177 1717 possit
191 1648 220 1701 in
231 1648 359 1718 plurihus
375 1647 443 1703 locis
459 1663 536 1715 esse,
553 1647 605 1702 sub
620 1647 673 1702 isto

87 1716 218 1773 videlicet
230 1723 419 1775 sacramento.
439 1750 472 1760 -
488 1720 602 1775 Sextum
618 1720 673 1786 est,

110 1788 165 1846 uod
181 1804 244 1846 cum
261 1788 395 1846 dividitur
406 1791 511 1861 hostia,
525 1805 581 1845 non
601 1787 675 1843 diri·

112 1859 167 1918 'tur
181 1861 285 1918 Christi
295 1864 415 1936 Corpus,
424 1864 475 1919 sed
488 1862 539 1919 suh
549 1860 677 1932 qualibet

91 1939 172 2062 parte
192 1939 267 1991 totus
290 1942 333 1992 est
355 1934 490 2005 Christus,
517 1934 591 1990 unde
615 1935 677 1988 haec

104 2013 217 2063 ractura
233 2006 263 2063 in
283 2008 375 2064 torma
394 2013 437 2064 est
461 2005 553 2078 panis,
568 2021 625 2062 non
646 2003 677 2060 in

91 2077 195 2135 Christi
219 2094 347 2151 corpere,
367 2079 434 2150 quia
453 2085 529 2136 totus
549 2079 678 2136 Christus

92 2148 676 2229 indivisussumitur‚subqualibetparte;

90 2221 163 2277 sicut
188 2221 300 2293 integro
322 2223 437 2292 speculo
460 2227 519 2279 tota
538 2226 567 2278 et
594 2235 679 2277 unica

91 2293 184 2348 torma
213 2295 319 2349 relucet
342 2293 459 2361 intuta,
485 2299 514 2348 et
537 2292 677 2348 infracto

93 2364 207 2435 speculo
229 2364 260 2420 ht
280 2363 362 2420 unius
377 2372 405 2421 et
419 2364 547 2434 ejusdem
575 2364 677 2419 lormae

89 2450 218 2495 numero.
230 2443 258 2491 et
277 2435 363 2491 totius
385 2437 505 2507 integrae
527 2439 625 2493 l'ormae
640 2434 679 2491 ad

92 2506 249 2580 quamlibet
263 2507 370 2580 speculi
382 2508 535 2565 tracturam
550 2505 676 2565 retiario.

92 2579 297 2652 —Septimum
313 2589 366 2647 est,
382 2581 458 2653 quod
472 2581 586 2653 quando
602 2584 678 2636 tene-

93 2657 140 2709 tur
150 2652 278 2709 hostiain
291 2652 433 2724 manibus,
447 2658 475 2709 et
485 2652 596 2709 videtur
611 2667 679 2711 ocu·

93 2723 139 2791 lis,
149 2725 256 2796 Corpus
268 2725 382 2794 Christi,
398 2741 451 2781 nec
470 2725 596 2796 tangitur
614 2740 677 2787 ma-

92 2794 186 2867 nibus,
210 2812 262 2852 nec
284 2796 395 2854 videtur
414 2795 528 2865 oculis3
552 2796 602 2853 sed
623 2797 678 2858 hoc

91 2872 181 2925 totum
195 2869 392 2926 tantummodo
416 2868 492 2926 eirca
516 2868 625 2950 species
640 2889 677 2930 a-

90 2939 176 3068 5itur,
202 2941 275 2997 sicut
294 2947 321 2997 et
345 2940 459 3013 quando
479 2939 626 2997 divrditur.
642 2976 677 2986 -

114 3017 227 3068 clavum
251 3018 303 3082 est,
328 3013 405 3085 quod
425 3029 488 3069 cum
503 3029 562 3069 non
580 3012 618 3068 sit
632 3014 676 3073 ibi

88 3084 170 3156 panis
187 3085 231 3140 vel
256 3083 365 3152 vinum,
392 3090 489 3141 tamen
515 3082 674 3144 accidentia

90 3156 676 3230 eumdemhabenteilectum,quamprius,

94 3231 125 3283 ut
144 3226 259 3298 satiare,
277 3228 431 3298 inebriare,
447 3233 475 3285 et
500 3229 678 3300 hujuscemo-

93 3296 132 3352 di.
152 3330 187 3339 -
210 3302 321 3357 Nonum
338 3307 390 3364 est,
407 3301 482 3373 quod
498 3301 594 3357 statim
612 3318 677 3361 cum

93 3367 229 3424 desinunt
242 3369 297 3427 illae
316 3372 435 3443 species,
453 3378 520 3427 tune
540 3373 626 3430 etiam
638 3375 676 3433 ibi

90 3437 304 3519 desinunt-esse
318 3445 425 3514 Corpus
441 3444 543 3499 Christi
563 3451 590 3499 et
601 3447 674 3502 San·

91 3525 164 3581 guis.
184 3511 235 3566 Ubi
252 3511 292 3566 ait
304 3515 405 3581 lluqo:
423 3533 437 3565 u
453 3515 593 3580 Quamdiu
608 3532 677 3572 sen·

90 3597 139 3638 sus
158 3582 316 3664 corporalis
348 3582 484 3655 allicitur,
515 3588 675 3657 corporalis

88 3660 242 3727 praesentia
270 3672 327 3712 non
346 3655 491 3725 aulertur;
512 3656 563 3714 sed
592 3658 676 3715 dein-

86 3743 152 3798 ceps
170 3726 298 3785 Christus
313 3728 417 3786 transit
436 3728 472 3786 de
492 3746 541 3787 ore
559 3730 596 3786 ad
613 3747 675 3803 cor,

87 3805 115 3855 ct
139 3806 235 3856 manet
259 3799 349 3857 virtus
369 3817 402 3857 ac
416 3803 572 3873 praesentia
588 3803 675 3876 spiri·

87 3872 171 3927 tualis
191 3877 311 3930 tantum.
328 3893 342 3923 u
372 3874 405 3928 ill
425 3872 491 3930 licet
511 3881 575 3947 post
598 3892 695 3934 sum·.

87 3942 214 4013 ptionem
233 3944 344 4001 desinat
372 3943 411 4001 ibi
438 3958 502 4002 esse
521 3947 633 4018 Corpus
648 3954 676 4005 et

87 4015 208 4086 Sanguis
223 4016 340 4085 Christi,
356 4032 458 4073 cavere
475 4023 570 4073 tamen
588 4019 676 4075 debet

90 4087 303 4143 communicans
317 4104 351 4144 ne
367 4093 431 4160 post
447 4088 676 4147 communionem

88 4163 180 4227 spirat,
193 4161 314 4217 maxime
333 4169 400 4217 ante
416 4160 630 4231 comestionem,
646 4161 677 4218 in

86 4228 149 4284 loco
161 4229 318 4297 immundo,
332 4233 375 4287 uel
399 4233 447 4288 uhi
460 4232 549 4306 possit
562 4239 677 4304 sputum

86 4299 206 4377 pedibus
233 4302 406 4376 conculcari,
429 4310 458 4362 et
484 4305 536 4362 troc
559 4309 677 4382 propter

441 317 600 372 SliGlllllldl
627 317 747 373 etatis
774 316 878 373 uleus
907 314 980 370 til·

765 422 898 491 riculum,
914 429 948 481 et
972 423 1016 481 ob
1041 428 1240 481 reverentiam
1260 427 1311 480 tant

770 495 924 554 crementi.

764 571 988 628 illiucnanrsrra
1009 585 1063 625 css
1084 584 1268 626 neaeman!
1281 586 1314 625 sn

727 659 882 698 nuncnune
895 643 1018 697 Donum.
1031 671 1073 684 -
1084 640 1217 698 Tandem
1227 656 1315 720 quoque

729 712 867 771 Dominus
900 711 933 769 in
964 712 1083 770 amoris
1117 712 1318 770 recordationen

728 785 891 857 subjunxit:
902 788 976 855 Hoc,
986 785 1109 843 scilicet
1122 791 1319 853 sacramentum,

727 860 824 928 (oute,
840 856 932 914 idest
949 857 1099 915 conficite
1121 857 1169 914 vel
1188 857 1317 923 celebrate,

728 928 847 1001 accipite
864 933 893 986 et
912 929 998 999 date,
1026 931 1062 986 in
1079 945 1186 1000 meum
1205 927 1234 984 id
1252 929 1317 985 estin

729 1000 874 1058 Passionis
903 1016 994 1072 meae,
1024 1003 1317 1068 commemorationes,

728 1073 797 1202 guia
805 1073 998 1130 Eucharistiae
1009 1073 1205 1130 consecratio
1214 1077 1318 1142 estque

749 1161 794 1202 am
810 1143 972 1202 Dominicae
988 1145 1150 1202 Passionis
1165 1159 1315 1202 rememora

728 1218 783 1285 tio;
798 1215 875 1288 quod
891 1218 1013 1289 exponit
1028 1219 1206 1288 Apostolus,
1219 1216 1314 1272 dicens:

729 1290 960 1360 Quotiescumque
974 1292 1056 1345 enim
1068 1289 1316 1358 manducabitispc·

728 1378 790 1417 nem
804 1362 887 1428 hunc,
899 1366 926 1416 et
950 1363 1077 1418 culicem
1092 1363 1207 1429 bibetis,
1221 1366 1315 1416 merten

728 1435 838 1489 Domini
862 1434 1097 1503 annuntiabitis,
1124 1434 1212 1491 donee
1232 1434 1315 1497 uenat

730 1503 839 1561 scilicet
859 1502 920 1576 ipse
946 1504 1098 1562 Dominus
1123 1505 1163 1562 ad
1185 1502 1315 1578 jndiciuu

732 1578 842 1634 Pascha
857 1577 936 1633 enim
958 1576 1058 1647 legale
1076 1576 1134 1634 tuit
1151 1577 1184 1634 in
1206 1575 1317 1649 praetigu-

731 1648 842 1706 ratione
854 1649 974 1704 Paschae
989 1647 1099 1719 iuturi,
1121 1648 1175 1705 sed
1190 1645 1317 1719 Evangeli-

732 1737 797 1778 cum
816 1722 849 1776 tit
861 1718 892 1775 in
902 1720 1193 1778 commemoratione
1215 1726 1318 1793 pratea

732 1791 775 1861 iti,
791 1790 898 1848 seilicet
920 1792 1075 1849 Passionis
1091 1791 1212 1851 Christi.
1227 1793 1257 1848 ln
1276 1805 1319 1847 ne·

732 1865 852 1921 moriam
863 1879 929 1933 ergo
942 1862 1022 1920 illius
1037 1863 1178 1921 beneficii
1192 1863 1318 1933 inexpres-

733 1934 824 1992 sihilis
836 1934 965 1992 Christus
973 1934 1107 1992 instituit
1118 1940 1318 1993 sacramentum

733 2006 840 2064 altaris.
856 2006 961 2063 Dicens
978 2006 1108 2079 itaque:
1130 2011 1191 2065 Hoc
1204 2008 1317 2077 {nciliis

732 2095 819 2134 mcum
845 2082 1164 2149 commemorationem,
1195 2075 1319 2136 ordinarit

733 2150 882 2221 Apostolos
897 2150 926 2206 in
942 2151 1137 2221 sacerdotes,
1155 2156 1187 2208 et
1204 2150 1277 2208 dedit
1288 2147 1319 2206 e'u

753 2227 903 2280 otestatem
919 2221 1098 2279 conficiendi
1120 2227 1318 2280 sacramentum

733 2239 1319 2367 gerperisetSanguinissuiilocigiturco

734 2366 767 2422 lit
786 2367 921 2433 Ecclesia,
936 2381 1122 2438 passumque
1135 2368 1276 2424 Christum
1288 2380 1318 2420 re

733 2443 845 2507 tractat,
855 2437 996 2494 eumillud
1011 2439 1131 2511 Corpus
1142 2437 1318 2496 Dominicon·

734 2514 846 2578 secrat;
863 2514 890 2565 et
910 2509 1059 2578 sacerdos,
1084 2526 1154 2567 cum
1170 2510 1246 2566 levat
1258 2509 1317 2565 Cer-

733 2598 786 2655 pus
797 2580 919 2649 Domini,
936 2588 1135 2662 repraesentat
1157 2582 1234 2654 qnod
1249 2576 1315 2638 Chii·

734 2660 794 2711 stus
815 2654 843 2710 in
858 2668 940 2709 cruce
959 2658 995 2708 sit
1012 2653 1141 2710 levatus.
1161 2654 1233 2711 lllud
1252 2652 1316 2708 enin

734 2740 835 2797 corpus
850 2729 891 2780 cst
903 2724 981 2796 quod
990 2723 1091 2795 etipse
1101 2726 1240 2787 sacrarit,
1252 2720 1317 2795 quod

733 2797 898 2854 crucifixum
913 2802 958 2852 est
969 2803 1000 2852 et
1011 2796 1087 2853 mori
1105 2797 1256 2854 sustinuit.
1268 2795 1316 2851 lloc

733 2876 776 2927 cst
794 2869 864 2926 illud
889 2866 1068 2933 memoriale,
1089 2871 1172 2940 quod
1199 2867 1315 2926 animam

733 2946 856 3012 gratam,
877 2956 941 2997 eum
955 2938 1053 3010 ipsum
1069 2940 1196 3012 suscipit
1211 2938 1316 2996 maedu-

733 3014 824 3070 eando
844 3018 873 3068 et
885 3011 1020 3080 bibendo,
1037 3010 1188 3069 ueletiam
1206 3009 1317 3068 fideliter

733 3085 908 3145 meditando.
925 3084 1010 3141 dehet
1023 3088 1118 3140 totam
1135 3084 1231 3156 ignire
1243 3090 1271 3140 et
1283 3081 1316 3138 in·

733 3157 891 3224 ebriarc‚et
904 3154 932 3212 in
947 3154 1042 3238 ipsum
1059 3155 1218 3213 Dominum
1229 3170 1285 3228 pra
1295 3168 1317 3209 a·

733 3228 821 3286 moris
836 3233 863 3285 et
874 3226 1035 3284 devotionis
1050 3227 1239 3285 vehementia
1251 3231 1315 3282 tota·

733 3301 798 3358 liter
813 3300 1028 3357 transformare.
1041 3299 1120 3355 Nihil
1130 3298 1209 3356 enim
1222 3298 1315 3370 majus,

733 3375 838 3441 carius,
858 3371 981 3439 dulcius,
1002 3372 1046 3426 rel
1069 3370 1173 3429 utilius
1189 3372 1317 3428 nobisre·

732 3444 861 3516 linquere
876 3443 968 3516 potuit
990 3458 1077 3514 quam
1092 3442 1235 3515 seipsum.
1262 3443 1316 3513 lpse

733 3533 855 3587 namque
869 3531 954 3587 quem
970 3514 1001 3570 in
1015 3522 1202 3571 sacramento
1213 3515 1315 3577 altaris,

732 3588 817 3645 hodie
839 3603 890 3659 per
910 3602 975 3643 eum
999 3585 1133 3642 instituto
1158 3586 1314 3644 sumimus:

730 3660 778 3716 ille
794 3660 868 3716 idem
889 3664 931 3715 cst
946 3657 1039 3729 quide
1052 3657 1173 3728 Virgine
1186 3658 1312 3714 incarna-

731 3738 776 3790 tus
788 3737 816 3788 et
830 3738 913 3788 natus
925 3730 1013 3788 ubera
1027 3729 1090 3801 ejus
1104 3729 1192 3797 suxit,
1210 3729 1257 3802 qui
1270 3742 1313 3806 pre

732 3809 759 3860 te
779 3802 928 3859 crucifixus
941 3807 1062 3858 mortem
1073 3800 1224 3872 sustinuit,
1237 3808 1265 3858 et
1274 3814 1313 3871 qur

731 3890 884 3946 resurgens
901 3879 929 3931 et
950 3874 1109 3930 ascendens
1126 3874 1210 3929 sedet
1227 3889 1245 3930 a
1261 3873 1313 3927 dex·

731 3947 783 4004 tris
800 3948 849 4003 liei
862 3963 868 4015 ;
883 3945 943 4017 ipse
963 3950 1005 4003 est
1024 3943 1072 4073 qpi
1088 3944 1199 4002 creavit
1219 3944 1312 4000 coelun

731 4024 760 4076 et
772 4023 928 4083 terram,et
939 4016 1032 4089 quiqu
1054 4022 1138 4073 eruat
1152 4021 1182 4073 et
1191 4016 1313 4073 moderat

730 4090 880 4159 caniversa3
896 4089 958 4161 ipse
970 4096 1013 4146 est
1026 4104 1042 4145 a
1054 4103 1109 4216 quo
1124 4088 1268 4160 dependet
1277 4100 1312 4142 sa·

732 4163 776 4218 lus
799 4166 859 4229 tua,
878 4162 907 4217 in
929 4162 1010 4231 eujus
1025 4176 1060 4217 ro
1074 4164 1175 4217 untate
1190 4167 1219 4215 et
1235 4165 1310 4229 pote-

732 4238 806 4289 state
822 4239 864 4289 est
882 4231 933 4288 tihi
949 4231 1019 4289 dare
1035 4231 1161 4304 paradisi
1175 4229 1310 4303 gloriam

733 4303 794 4380 ipso
808 4302 837 4361 in
848 4303 897 4362 tali
911 4303 1004 4362 hostia
1017 4303 1130 4363 modica
1143 4303 1185 4361 sic
1195 4301 1311 4368 oblatus,
