2820 4928
323 383 364 436 DE
393 380 499 435 bruell
525 378 684 433 biluesls
710 383 727 431 .l
758 377 885 429 butttlo
915 379 1070 431 stilletis.
1113 385 1119 393 ‘

94 492 276 547 voluntatem
298 486 413 543 diaboli.
427 512 461 527 ·-
485 482 589 553 lertio,
611 484 679 554 qnia

91 576 198 620 eorum
219 558 360 616 anhelitus
375 555 561 635 corrumpitur
575 557 678 627 atejus

93 635 201 690 loetore
228 629 329 704 sepius
352 628 398 687 alii
426 628 608 697 inficiuntur3
636 627 678 684 sio

94 704 228 776 operatio
240 710 267 760 et
282 700 454 759 conuersatio
465 699 624 773 peccatoris
637 699 678 757 ita

95 782 140 834 est
159 781 298 849 corrupta,
314 773 387 857 quod
408 778 610 830 conversantes
629 773 676 828 in·

95 849 248 905 firmantur
261 862 292 904 er
306 846 406 902 vitioso
421 860 521 903 eorum
534 844 676 902 conuictu.

94 950 131 962 ·-
143 922 255 989 Quarto,
271 917 337 1002 quia
351 917 432 991 lepra
444 925 552 990 quanto
569 915 678 999 studio·

91 991 151 1049 sius
176 992 349 1064 reprimitur,
373 994 453 1047 tanto
477 989 541 1061 plus
568 994 680 1061 turpior

88 1070 190 1138 postea
209 1064 327 1132 ebullit3
351 1062 393 1119 sie
407 1067 555 1134 peccatum
573 1066 679 1132 quanto

86 1136 154 1209 plus
168 1136 337 1204 occullatur,
355 1140 435 1190 tanto
452 1132 554 1189 lortius
568 1132 681 1203 crescit,

88 1212 120 1265 el
137 1208 200 1264 ideo
215 1207 328 1279 turpius
344 1203 503 1278 apparebit.
518 1206 572 1261 Per
590 1205 681 1261 dena-

89 1279 169 1337 rium
181 1294 249 1336 uero
263 1292 417 1335 nnmerum
428 1278 603 1348 leprosorum
617 1276 695 1336 uni·.

92 1352 219 1408 versitas
233 1350 422 1421 significatur,
439 1348 548 1405 numeri
563 1363 683 1432 namque

95 1428 252 1494 sequentes
261 1421 393 1492 usquead
402 1426 515 1477 centum
524 1425 586 1477 sunt
596 1421 684 1495 ipsius

95 1500 126 1552 et
146 1494 269 1566 partium
290 1495 354 1565 ejus
373 1491 581 1565 replicationes,
600 1498 628 1549 ct
643 1492 682 1549 sio

89 1570 301 1637 consequenter
315 1565 479 1637 perdecem
495 1564 618 1636 leprosos
631 1581 681 1622 oc·

86 1644 238 1696 currentes
247 1639 371 1706 Christo,
384 1635 561 1707 significatur
572 1637 680 1694 univer·

86 1710 160 1768 sitas
183 1714 365 1793 peecatorum
387 1707 596 1781 pceniteutium.
617 1708 679 1779 l'el,

89 1782 198 1854 leprosi
211 1781 324 1854 signant
334 1795 395 1851 eos,
406 1779 456 1852 qui
475 1790 594 1852 peccunt
604 1797 680 1838 con-

91 1860 141 1910 tra
152 1854 248 1910 decem
260 1858 403 1925 praecepta
419 1852 560 1925 Decalogi.
571 1853 680 1910 rarieta

95 1930 124 1981 te
138 1933 341 1996 peccatorum,
360 1924 442 1996 quasi
458 1925 576 1981 maculis
590 1927 681 1997 lepre

96 1995 225 2053 distincti
239 2003 268 2053 et
278 1996 410 2068 respersi.
425 1997 512 2053 Valde
525 2003 623 2054 autem
634 1999 681 2053 de-

97 2067 190 2125 terior
208 2072 250 2125 est
268 2068 348 2140 lepra
366 2067 478 2138 animae,
492 2084 577 2141 quum
602 2069 682 2141 lepra

97 2141 239 2212 corporis,
268 2140 334 2212 qnia
359 2141 440 2214 peior
465 2146 507 2198 est
536 2140 681 2214 corruptio

95 2211 225 2285 spiritus,
240 2226 325 2285 quam
345 2212 449 2269 carnis.

130 2287 147 2342 5
172 2286 298 2352 Qumonn
330 2301 463 2342 ricinum
486 2303 504 2342 a
531 2299 682 2341 reccaroan

92 2372 193 2415 sartam
208 2372 341 2413 tonsura.
356 2389 384 2400 -
403 2356 492 2414 Debet
506 2362 600 2414 autem
618 2371 682 2430 pec·

94 2433 178 2487 calor
191 2429 291 2487 uolens
309 2428 417 2500 sanari,
432 2433 460 2486 et
472 2434 681 2502 apeccatorum

95 2502 181 2574 lepra
196 2502 302 2572 curari,
316 2501 448 2559 eomodo
464 2515 493 2557 se
505 2502 612 2559 babere
625 2518 681 2585 quo

101 2588 135 2630 se
149 2570 313 2630 habuerunt
326 2572 366 2629 illi
381 2573 486 2646 leprosi
503 2589 509 2629 z
524 2575 616 2646 primo
632 2578 683 2630 rte·

96 2660 154 2718 que
173 2644 258 2703 debet
272 2646 339 2703 lesu
353 2660 503 2703 occurrere
515 2661 567 2718 per
581 2645 679 2716 fidem,

95 2732 155 2775 non
178 2720 256 2775 enim
274 2718 409 2776 abhorret
425 2716 489 2792 pius
501 2717 637 2776 Dominus
652 2733 681 2775 a·

94 2788 207 2864 spicere
229 2791 371 2848 maculam
399 2788 484 2861 leprce
503 2796 618 2856 nostrce,
632 2789 681 2862 qui

92 2876 146 2938 pro
162 2860 247 2920 nobis
261 2861 291 2920 in
304 2877 387 2920 cruce
403 2863 479 2920 velut
494 2862 623 2992 leprosus
636 2878 681 2919 re·

93 2938 212 3008 putatus
237 2933 458 3004 es13secundo‚
483 2935 518 2992 de
540 2939 569 2992 ct
593 2941 681 3003 stare,

98 3007 243 3079 surgendo
259 3023 276 3064 a
331 3009 428 3077 ccctis,
445 3011 473 3064 et
491 3006 630 3063 cessando
647 3006 683 3062 ab

102 3079 162 3145 eis;
179 3076 274 3147 tertio,
308 3081 372 3137 ebet
396 3086 472 3136 stare
490 3094 507 3135 a
526 3079 621 3149 longe,
634 3092 683 3133 su-

101 3164 149 3206 am
162 3146 296 3207 vilitatem
309 3150 456 3208 humiliter
464 3148 683 3217 considerando,

102 3225 133 3279 et
147 3220 230 3279 calda
247 3223 454 3292 crubescend03
471 3225 584 3295 quarto,
601 3220 686 3277 debet

98 3292 197 3351 levare
224 3309 335 3358 rocem.
351 3294 460 3352 scilicet
489 3296 524 3351 de
543 3293 684 3367 prolundo

96 3366 185 3423 corde
203 3362 233 3423 in
251 3366 431 3424 contritionis
448 3367 535 3424 verba
550 3380 683 3440 prorum·

95 3438 206 3512 pendo,
225 3441 254 3495 et
277 3445 393 3511 peccata
413 3454 474 3510 sua,
494 3454 552 3496 non
578 3437 683 3507 aliena,

95 3508 281 3581 confitend03
308 3510 420 3583 quinto,
445 3511 529 3570 debet
556 3509 682 3568 dicere:

96 3584 176 3649 lesu,
200 3589 364 3655 preceptor,
386 3582 436 3640 Dei
460 3581 685 3641 misericordiam

94 3651 293 3727 implorando,
306 3670 371 3728 quae
385 3655 507 3713 maxime
524 3659 566 3711 est
584 3671 684 3728 pecca·

95 3725 687 3799 toribusopportuna.lnhocantemquod

95 3796 243 3855 Dominus
263 3798 363 3856 videns
383 3798 511 3873 leprosos
536 3798 606 3856 dixit
626 3801 685 3856 eis:

98 3872 152 3939 ilc,
179 3869 315 3928 ostendite
334 3888 382 3928 cos
406 3872 601 3945 sacerdotibus,
625 3885 686 3928 ma-

99 3940 208 3999 nileste
222 3959 239 3999 a
253 3943 374 4001 Domino
384 3945 451 4003 Jcsu
464 3943 603 4003 confessio
618 3960 689 4016 prae·

101 4013 221 4086 cipitur,
236 4032 289 4088 per
307 4032 392 4090 quam
414 4018 493 4102 lepra
507 4015 627 4074 interior
642 4032 687 4072 sa-

99 4084 153 4143 luti
177 4088 349 4145 ostenditur.
370 4092 409 4147 Ao
432 4106 455 4147 si
482 4087 523 4147 eis
547 4087 654 4146 diceret
681 4106 689 4143 :

100 4159 156 4229 lte,
176 4176 193 4217 a
213 4159 387 4219 contritione
409 4162 445 4219 ad
470 4159 690 4227 confessionem,

101 4229 243 4291 ostendite
257 4249 309 4290 uos
323 4232 524 4293 sacerdotibus.
540 4231 611 4302 Quia
629 4231 694 4287 licet

103 4310 222 4376 peccata
246 4303 433 4363 remittantur
458 4307 488 4363 ln
510 4303 694 4374 contritione,

103 4374 215 4436 dicente
235 4374 382 4451 Propheta
399 4396 405 4436 :
421 4380 500 4450 Dici,
516 4376 545 4434 id
577 4380 620 4432 est
645 4376 696 4431 lir-

734 480 820 537 mitar
834 482 931 550 statui,
948 484 1103 553 confitebor,
1133 494 1158 543 et
1185 496 1216 544 tu
1242 499 1325 548 remi-

735 556 799 609 sisti
816 555 905 623 mibt;
924 558 1020 611 tamen
1047 560 1160 614 tenetur
1184 560 1273 617 hotuo
1291 580 1326 622 ca

735 624 876 683 conllteri.
893 626 973 684 Unde
1000 627 1067 684 duni
1090 630 1172 694 irent,
1195 636 1324 693 mundati

735 697 845 754 suntin
861 697 917 766 sia,
932 698 1002 770 quia
1026 702 1100 757 Deus
1125 701 1229 760 virtute
1256 724 1323 763 (τηι-

734 769 1046 842 tritinnispeccotorern
1059 774 1178 830 mundat
1189 774 1322 849 interius,

735 841 904 914 priusquam
935 859 952 901 a
982 844 1128 902 sacerdote
1156 847 1322 907 absolvatur

736 914 870 970 exterius.
884 916 917 970 Et
928 914 1114 974 nihilomiuus
1127 934 1156 975 se
1169 922 1321 979 sacerdoti-

736 986 791 1043 bus
806 987 1009 1057 ostenderunt;
1024 990 1064 1045 sic
1089 996 1115 1045 ct
1136 995 1175 1055 tu,
1191 990 1213 1047 si
1233 993 1321 1051 babes

738 1058 878 1141 maculam
897 1059 992 1131 leprae,
1016 1077 1049 1117 ex
1074 1062 1169 1134 aliquo
1191 1063 1320 1135 crimine,

738 1130 818 1198 dum,
828 1131 940 1188 ttdcnte
955 1137 981 1188 to
990 1133 1111 1190 Domino
1128 1136 1218 1196 oculis
1234 1138 1319 1196 misc·

739 1202 887 1272 ricordiae,
901 1203 977 1260 vadis
1002 1206 1152 1263 ostendere
1177 1213 1205 1264 tc
1226 1226 1322 1266 sacer·

738 1274 797 1331 doti
817 1289 868 1347 pcr
886 1276 1090 1333 consessionem
1115 1278 1209 1347 cocis,
1228 1282 1323 1340 obviat

739 1347 800 1419 ipsa
813 1346 900 1429 salus,
909 1352 937 1404 et
946 1349 1092 1406 sanaberis
1104 1365 1121 1406 a
1135 1351 1213 1421 lepra
1227 1358 1321 1412 trans·

739 1424 809 1476 actae
827 1419 995 1491 iniquitatis.
1019 1423 1081 1478 Nou
1103 1427 1199 1479 tamen
1217 1424 1321 1485 idcirco

738 1491 851 1548 omittas
866 1496 894 1548 te
909 1492 1013 1550 ollerre
1027 1493 1095 1561 illis,
1110 1511 1231 1565 quorum
1244 1498 1323 1569 judi-

738 1562 780 1620 cio
796 1564 918 1619 mundus
934 1565 1060 1632 haberis,
1073 1566 1198 1638 alioquin
1214 1586 1246 1625 ex
1260 1588 1324 1628 ccii·

738 1640 885 1717 temptuct
896 1636 1084 1710 negligentia,
1097 1641 1263 1699 immundus
1282 1660 1325 1701 re-

738 1708 883 1765 manebis.

772 1785 789 1836 6
803 1782 873 1848 Quin
886 1796 1001 1837 smum
1012 1783 1200 1842 &enuntiamus
1210 1804 1323 1843 rubraue

738 1870 770 1908 er
792 1869 885 1908 sorau
909 1869 963 1908 anu
989 1870 1044 1909 uon
1070 1868 1274 1915 nnranrnsres?
1290 1890 1322 1901 -

739 1926 818 1980 Unus
833 1929 929 1980 autem
944 1926 1083 2006 leprosus,
1093 1928 1139 1997 qui
1154 1929 1249 1997 rediit,
1263 1930 1323 1985 uui·

741 1994 859 2051 cerealis
875 1995 1007 2051 Ecclesiae
1028 1997 1176 2065 unitatem,
1196 2016 1246 2056 seu
1261 2001 1324 2057 illos

741 2066 789 2139 qui
802 2066 830 2122 in
843 2065 954 2123 unitate
966 2067 1097 2124 Ecclesiae
1108 2076 1174 2126 sunt
1184 2070 1325 2141 designat,

741 2139 1325 2214 quasprobcneliciogratimgratcsreler·

739 2228 770 2267 rc
780 2227 837 2268 non
848 2218 954 2283 cessat;
967 2228 1067 2269 norem
1079 2228 1144 2271 vero
1156 2214 1203 2287 qui
1214 2232 1323 2273 roman·

739 2286 849 2353 serunt,
872 2283 948 2352 illos,
973 2284 1021 2357 qui
1041 2290 1210 2358 extrusum,
1232 2288 1322 2361 expri-

739 2361 828 2424 munt,
843 2370 893 2413 eeu
909 2356 956 2428 qui
971 2362 1034 2431 post
1060 2374 1125 2417 acce
1147 2365 1205 2417 tam
1221 2361 1321 2418 remis·

739 2427 847 2485 sionem
863 2429 1012 2486 criminum
1038 2445 1055 2486 a
1074 2376 1248 2503 perfectione
1264 2435 1319 2491 De·

739 2500 840 2571 calogi,
855 2515 906 2573 per
924 2501 1061 2558 unitatem
1078 2506 1253 2561 subtractam
1271 2506 1321 2562 de·

739 2572 871 2641 licicndo,
886 2578 981 2643 grates
1003 2588 1054 2645 pro
1081 2576 1173 2646 gretia
1201 2577 1322 2633 reddere

739 2650 932 2702 contemnunt.
949 2647 1051 2702 Decem
1070 2645 1158 2717 igitur
1175 2648 1322 2704 mundan—

737 2721 795 2785 tur,
818 2716 868 2773 sed
895 2733 969 2773 unus
999 2717 1107 2787 gratias
1135 2719 1232 2787 refert,
1257 2718 1324 2792 quia

739 2790 821 2846 multi
836 2788 865 2844 iu
878 2787 1054 2845 confessione
1072 2790 1260 2859 mundantur,
1274 2791 1324 2846 sed

739 2877 799 2917 non
822 2874 919 2915 omnes
945 2859 1099 2915 Dominum
1127 2861 1253 2916 laudant.
1274 2861 1326 2928 Qui

741 2931 819 2988 enim
837 2939 982 3001 tamquam
994 2944 1078 2987 canes
1093 2936 1275 2987 revertuntur
1290 2933 1328 2988 ad

740 3000 890 3072 uomitum,
911 3001 940 3057 bi
968 3004 1035 3055 sunt
1060 3017 1162 3059 nouem
1191 3001 1238 3074 qui
1264 3008 1329 3075 post

742 3074 876 3144 adeptam
899 3070 1062 3144 sanitatem,
1084 3089 1141 3130 uon
1174 3074 1329 3133 laudabant

743 3143 905 3204 Dominum.
923 3146 956 3200 Et
971 3143 1038 3215 quia
1052 3146 1133 3218 pauci
1149 3153 1215 3205 sunt
1229 3163 1327 3221 respe-

742 3219 829 3285 ctive,
855 3216 902 3288 qui
930 3215 1003 3288 grati
1031 3224 1098 3275 sunt
1120 3219 1156 3277 de
1178 3221 1326 3280 beneficiis

743 3288 884 3363 largitatis
903 3289 1017 3361 divinae,
1032 3297 1061 3348 et
1076 3299 1225 3352 remanent
1238 3293 1267 3351 in
1282 3311 1323 3354 re·

742 3370 841 3436 parata
864 3362 1006 3435 sanitate;
1028 3365 1092 3421 ideo
1117 3369 1226 3424 tantum
1252 3384 1324 3427 unus

743 3433 894 3492 revertitur
917 3435 988 3491 dans
1017 3436 1137 3509 gloriam
1164 3443 1233 3497 Deo.
1265 3442 1324 3499 Deo

742 3505 818 3590 enirn
834 3507 1035 3590 gloriamdare
1050 3516 1104 3579 est,
1116 3519 1248 3586 percepta
1263 3530 1325 3597 pec·

743 3585 796 3637 cali
818 3597 860 3636 sut
877 3587 1032 3649 curatione,
1049 3581 1077 3638 in
1095 3584 1177 3642 bouis
1192 3587 1326 3658 operibus

743 3667 937 3726 perseverare.
953 3656 986 3710 Et
1000 3654 1046 3711 hic
1062 3660 1104 3711 est
1119 3658 1327 3721 Samaritanus,

745 3724 793 3797 qui
824 3723 1027 3808 iuterpretatur
1052 3732 1158 3797 eustos;
1191 3745 1257 3786 nam
1287 3726 1329 3781 illi

745 3801 811 3854 sunl
836 3803 908 3867 grati
924 3798 993 3867 Deo,
1011 3799 1058 3870 qui
1083 3817 1112 3858 se
1133 3801 1298 3858 custodiunt
1314 3812 1331 3851 a

746 3867 855 3942 peccati
880 3869 1063 3927 recidivant
1089 3878 1129 3929 esl
1157 3870 1331 3935 alienigena,

747 3943 844 3998 dicens
866 3958 930 3998 cum
946 3944 1081 4017 Apostolo
1099 3962 1105 3998 :
1124 3948 1185 3999 Non
1202 3939 1333 3992 litabimus

748 4016 792 4070 tic
811 4022 961 4070 mulcentem
977 4018 1129 4076 cicilolcm,
1142 4009 1189 4063 sul
1208 4009 1336 4084 [illatrant

748 4075 1336 4157 ineptirimusllinccolligiturpiuiabrutii

750 4159 886 4215 dccltcrenl
899 4174 961 4214 esse
977 4156 1069 4223 tnagis
1084 4154 1156 4219 grati
1173 4150 1295 4202 Domino
1310 4153 1336 4202 cl

751 4229 917 4297 lamiliares,
933 4232 964 4283 ut
978 4218 1108 4287 litterati,
1124 4215 1236 4297 prunlati
1252 4222 1279 4273 ct
1295 4218 1337 4275 di-

751 4300 833 4369 vites,
846 4299 949 4371 quibus
959 4292 1105 4372 scientiam
1118 4290 1196 4346 dedu
1209 4290 1337 4422 t'clopes,

753 4370 844 4441 magis
861 4374 927 4426 sunt
946 4366 971 4422 ei
992 4366 1106 4435 ingrati,
1123 4378 1242 4434 seseque
1259 4380 1322 4423 eon
