2820 4928
208 333 249 387 bt
277 330 462 387 tooatlohr
490 329 597 386 littam
624 330 663 384 ΕΤ
691 330 931 386 sadoullltltlls
959 327 1193 385 immolamus.
1268 322 1315 379 Μ

82 440 209 509 tibrum,
225 443 255 496 et
277 436 429 510 majorum,
445 434 477 493 in
499 435 586 506 malo,
606 435 672 509 quia

85 513 237 571 audientes
250 509 408 566 doctrinam
422 507 537 579 Christi,
553 525 611 565 non
625 510 638 564 l
658 538 672 551 -

85 588 173 642 erunt
183 580 295 640 contriti
303 598 310 649 ;
325 581 375 637 scd
387 579 478 652 magis
487 597 520 637 ex
533 581 586 637 hac
596 578 673 637 indi·

109 654 180 721 nati,
189 659 217 710 et
226 653 262 710 ad
272 652 459 710 occidendum
473 668 538 709 eum
550 651 671 709 incitati.

119 722 674 796 ultisunttaleshodie,quiindignantur

85 798 202 873 quando
216 797 483 879 reprehenduntur,
504 795 571 868 quia
591 794 673 877 princi

86 876 158 929 suut
176 884 224 940 qur
242 874 390 924 veritatem
410 884 469 924 suae
491 871 675 924 correctionis

86 939 179 999 velint
202 939 312 1008 audire,
334 937 391 997 imo
416 945 444 995 et
467 945 676 1011 persequuntur

88 1012 335 1082 reprehendentes
350 1026 409 1073 eos,
426 1026 477 1082 pro
492 1012 617 1080 ipsorum
631 1027 676 1067 sa·

87 1085 162 1143 lule.
179 1083 248 1138 Vide
263 1081 348 1139 etiam
361 1082 504 1154 quomodo
523 1083 676 1139 Pontifices

90 1162 122 1213 et
155 1155 278 1225 majores
311 1154 529 1209 retrahebantur
556 1169 574 1210 a
603 1158 677 1210 mado

89 1231 211 1300 propter
220 1225 368 1298 populum,
379 1240 443 1282 cum
454 1230 549 1281 lamen
561 1226 677 1282 deberet

93 1314 159 1355 esse
173 1295 413 1368 percontrarium.
427 1298 493 1352 llaec
503 1297 583 1368 plebs
597 1295 678 1366 quasi

90 1368 175 1427 asina
189 1369 304 1424 Balaam
320 1367 382 1436 luit,
397 1384 461 1439 quae
476 1367 568 1436 ipsum
582 1384 679 1425 erran·

90 1448 153 1498 tem
166 1438 313 1509 corripuit.
324 1441 383 1495 lloc
393 1439 521 1508 quotidie
532 1439 641 1512 geritur
650 1439 680 1495 in

91 1510 231 1581 Ecclesia,
251 1526 316 1567 cum
337 1509 456 1581 quilibet
477 1510 537 1567 solo
564 1510 680 1568 nomine

90 1584 201 1641 latetur
215 1598 279 1639 cam
295 1598 379 1654 quam
401 1599 459 1639 non
478 1581 569 1654 diligit
584 1584 680 1639 eccle-

90 1653 217 1713 siasticae
234 1652 300 1710 lidei
321 1658 350 1710 et
363 1653 441 1725 pacis
457 1654 609 1723 unitatem;
630 1654 680 1711 sed

91 1724 289 1784 erubescitrel
301 1723 557 1799 timetimpugnare
567 1732 681 1798 propter

91 1799 238 1856 bonorum
253 1796 475 1853 multitudinem.
492 1798 547 1854 Sed
563 1797 629 1855 licet
644 1799 679 1854 ab

91 1868 251 1927 occidendo
269 1869 317 1924 Dei
332 1868 402 1925 Filio
416 1868 452 1925 ad
467 1868 620 1936 modicum,
632 1870 680 1926 do·

93 1955 150 1999 nec
163 1938 274 1996 reniret
285 1939 356 1995 bora
370 1940 431 2011 ejus
442 1942 545 1996 timore
557 1942 681 1996 humano

93 2010 683 2086 potueruntrelardari;numquamtamen

93 2081 195 2140 divino
225 2097 323 2138 amore
356 2082 509 2139 voluerunt
544 2082 681 2139 cobiberi.

95 2155 336 2213 Praedicationem
349 2152 425 2209 cuim
438 2153 540 2210 Christi
554 2160 683 2211 contom-

94 2233 208 2293 nentes,
220 2225 526 2297 proptercupiditatem
538 2232 681 2298 tempora·

96 2298 179 2365 lium,
195 2296 431 2368 conspiraverunt
449 2296 479 2352 in
502 2297 591 2367 ipsius
610 2314 683 2354 mor·

95 2376 168 2437 tem,
181 2384 216 2423 ne
230 2368 385 2440 perderent
404 2367 545 2426 civitatem
566 2376 594 2427 et
611 2377 682 2426 tem·

95 2440 190 2512 plum,
204 2439 233 2495 in
255 2456 311 2511 quo
334 2440 448 2510 quidem
464 2442 568 2513 templo
589 2442 683 2497 hauri·

94 2512 187 2570 ebant
226 2511 356 2567 ecuniam
374 2511 480 2583 populi,
495 2516 546 2568 sub
566 2513 684 2569 obtentu

93 2527 682 2648 cullusiirini.Undcuccideruatlilium,

93 2660 126 2713 ut
143 2654 282 2710 haberent
302 2653 500 2719 hereditatem.
518 2661 547 2711 ct
566 2655 683 2726 paciliee

93 2725 277 2800 possiderent
290 2726 426 2796 ternplum
440 2726 634 2793 umilitatem,
649 2743 683 2782 ne

93 2795 247 2855 occasione
270 2797 332 2867 ejus
355 2797 474 2853 Romani
499 2798 639 2865 venirent,
655 2804 683 2853 el

93 2867 137 2926 eis
151 2868 244 2923 locum
262 2874 291 2923 et
305 2875 419 2939 gentem
436 2868 598 2937 autemeam
615 2885 684 2925 con-

94 2937 219 2997 trarium
237 2944 334 2994 tamen
359 2937 399 2995 eis
425 2940 542 3008 accidit,
563 2941 630 3012 quia
654 2940 684 2995 in

95 3009 255 3067 vindictam
270 3008 368 3065 mortis
382 3010 486 3068 Christi
505 3017 533 3066 et
548 3012 639 3067 locum
657 3016 686 3067 et

96 3086 215 3155 gentem
230 3080 425 3153 perdideruat.
442 3083 493 3138 Ubi
515 3081 556 3139 ait
571 3085 685 3151 Chryso·

98 3156 204 3209 atomus
214 3172 223 3208 ε
234 3152 434 3225 «Quandoque
446 3152 532 3224 igitur
542 3153 684 3223 detentus,

96 3223 684 3351 permedioseostransiit,nonafparens,

96 3295 376 3368 quandoqueautem
389 3312 530 3367 apparens
561 3297 686 3353 olentem

96 3382 200 3425 eorum
220 3366 477 3439 concupiscentiam
497 3367 616 3438 detinet,
635 3383 686 3440 per

95 3436 288 3495 multitudiuis
308 3443 434 3507 melum;
459 3438 488 3496 hi
509 3446 605 3495 autern
629 3455 686 3496 nou

94 3509 335 3578 emendabantur,
352 3509 391 3566 ita
404 3510 490 3567 semel
507 3527 556 3567 eos
570 3510 685 3568 dilectio

95 3580 284 3653 principatus,
300 3586 328 3636 ct
350 3597 431 3637 vanae
453 3584 552 3652 gloriae
572 3583 684 3652 cupido,

95 3653 268 3719 obcaecarat,
282 3653 360 3724 quod
379 3658 565 3724 temporanea
578 3670 685 3725 qurere-

94 3725 178 3779 renll
203 3723 277 3779 Nihil
308 3726 346 3778 ita
369 3723 504 3779 adversus
528 3725 686 3792 proximum

96 3800 185 3866 caput
207 3792 337 3867 impellit,
352 3803 380 3849 ct
400 3794 429 3849 in
450 3794 688 3876 praecipitationes

98 3866 165 3934 lert,
174 3871 202 3922 el
212 3865 281 3922 nihil
295 3865 335 3921 ita
350 3866 417 3921 lacit
431 3882 447 3920 a
462 3866 563 3922 laturis
579 3867 688 3922 excide·

99 3953 144 4003 re,
159 3937 234 3993 sicut
255 3936 372 3993 affixum
391 3952 454 3993 esse
475 3937 669 4008 temporaneis
676 3954 684 4006 ;

99 4007 172 4064 nibil
201 4010 241 4063 ita
267 4015 295 4064 ot
322 4009 512 4089 praesentibus
533 4014 561 4064 et
586 4008 689 4064 tuturis

96 4079 226 4152 jucunde
241 4079 281 4135 uti
296 4079 396 4136 tribuit
409 4085 439 4135 at
450 4082 544 4137 lutura
557 4079 689 4136 omnibus

98 4156 288 4223 'anteponere-
299 4151 417 4217 Quaerite
432 4150 519 4219 enim,
536 4150 576 4207 ait
591 4153 688 4208 Domi-

102 4225 300 4294 nus,primum
312 4237 426 4291 reputem
442 4224 500 4291 Dei,
513 4227 539 4278 et
547 4223 690 4292 jmtitium

105 4293 179 4367 eius,
194 4298 222 4352 et
240 4294 296 4351 bac
314 4296 407 4350 omnia
420 4293 589 4366 adjicientur
603 4294 689 4352 nobb.

729 437 769 493 Ne
787 435 884 509 itaque
901 436 937 494 de
956 436 1012 494 tuis
1032 435 1169 494 sollicitus
1193 434 1243 498 sis,
1261 433 1312 491 sed

730 507 780 564 illa
795 509 939 566 committe
954 512 1022 566 Dco.
1038 511 1108 565 Nam
1121 511 1144 564 si
1161 513 1192 565 tu
1207 504 1312 563 sollici-

731 588 777 636 tus
790 597 830 642 es,
844 588 874 635 ut
886 582 971 637 homo
986 597 1082 649 curam
1101 582 1174 636 Deus
1189 595 1268 643 vero,
1283 578 1314 633 ut

732 655 806 709 Deus
819 651 957 725 providet.
972 654 1011 709 lle
1024 668 1090 725 ergo
1106 652 1140 709 de
1156 651 1197 707 eis
1212 648 1314 730 sollici·

732 729 777 779 tus
791 724 839 787 sis,
850 724 1047 794 praestantiora
1059 724 1234 792 relinquens,
1244 720 1314 777 alio·

732 795 799 866 quin
816 797 888 851 Deus
902 796 949 851 illa
964 794 1057 852 minus
1075 794 1200 861 curabil;
1216 799 1246 851 ut
1263 792 1313 848 illa

733 867 1078 939 igiturdrligentercuret,
1089 867 1141 938 ipsi
1153 862 1315 922 sollemnia

734 938 887 996 curamitte.
903 939 930 995 Si
945 938 1031 1006 euim,
1044 937 1150 995 relictis
1161 935 1315 1008 spirituali-

736 1013 799 1077 bus,
812 1010 860 1066 illa
874 1016 987 1073 tractes,
1000 1026 1056 1065 non
1070 1025 1200 1081 magnam
1216 1022 1316 1063 eorum

737 1086 811 1139 lteris
824 1087 903 1152 geret
919 1082 1134 1151 preavideutiam.
1148 1083 1182 1136 Ut
1192 1078 1277 1149 igilur
1289 1083 1319 1133 el

736 1154 786 1210 tibi
803 1156 862 1209 laec
878 1158 952 1210 reete
966 1152 1123 1224 composita
1137 1152 1202 1219 sint,
1218 1156 1245 1206 el
1261 1149 1319 1231 sol·

737 1225 883 1281 licitudine
898 1222 975 1281 omni
991 1223 1130 1290 libereris,
1146 1224 1223 1279 heere
1237 1236 1320 1301 sparr-

736 1298 871 1364 tualibus,
886 1295 1024 1353 secularla
1044 1297 1172 1364 despice;
1190 1293 1230 1349 sic
1244 1307 1320 1349 enim

737 1378 766 1425 cl
779 1375 885 1425 terram
899 1384 963 1424 cum
977 1368 1047 1425 coelo
1064 1365 1217 1433 obtinebis,
1237 1368 1266 1421 et
1280 1363 1322 1443 lu-

737 1446 801 1497 tura
814 1439 888 1496 bona
899 1438 1091 1511 consequeris,
1105 1438 1197 1507 gratia
1207 1436 1322 1493 etbonr·

738 1511 846 1584 gnitate
863 1510 975 1567 Domini
987 1509 1077 1567 nostri
1090 1512 1156 1568 lesu
1167 1507 1271 1565 Christi
1284 1524 1291 1562 :
1306 1524 1321 1559 u

737 1586 799 1641 brec
814 1586 1031 1653 chrysostomus.

774 1660 789 1712 5
806 1657 996 1712 llouacuoumr
1010 1673 1042 1711 er
1061 1670 1227 1711 secummuu
1241 1668 1323 1709 rusm-

738 1746 807 1785 rura
823 1745 951 1792 ouasrua
967 1744 1125 1784 praeeram.
1140 1757 1176 1768 -
1190 1726 1256 1807 Hac
1271 1737 1324 1795 per

740 1801 959 1868 chrysostomum
976 1799 1139 1869 jamdicta,
1158 1812 1282 1854 maxime
1295 1800 1325 1851 ct

740 1873 881 1942 praecipue
898 1871 935 1927 ad
955 1872 1110 1927 monachos
1133 1873 1273 1940 spectant,
1285 1866 1326 1923 'de

740 1959 861 2015 quorum
879 1942 936 1998 rita
955 1940 1032 1998 idem
1050 1944 1255 2009 chrysostomus
1271 1938 1326 1994 hoc

741 2013 803 2069 laco
825 2018 933 2081 narrat,
951 2028 1070 2093 canique
1093 2012 1129 2068 ad
1153 2008 1324 2066 secularium

741 2085 828 2141 vitam
839 2084 1100 2155 compensabimus
1117 2099 1124 2139 :
1144 2103 1154 2133 a
1170 2082 1240 2149 Qum
1253 2080 1327 2161 virle·

742 2162 788 2212 tur
803 2156 844 2213 ita
863 2172 984 2212 onerosa
998 2171 1061 2211 csse
1075 2154 1133 2211 vila
1148 2159 1176 2209 et
1191 2144 1326 2217 difficilis,

742 2244 818 2297 cam,
832 2244 895 2300 quae
916 2229 1120 2284 monachorum
1143 2230 1196 2290 est,
1211 2224 1277 2304 dico¹
1299 2227 1328 2278 et

742 2301 950 2368 crucifixorum,
968 2302 1087 2356 multum
1105 2300 1158 2355 hac
1172 2313 1237 2368 quae
1252 2294 1329 2351 vide·

742 2379 788 2428 lui·
800 2388 862 2429 csse
877 2371 953 2428 mitis
965 2378 993 2429 ct
1008 2371 1110 2441 mollis,
1122 2368 1231 2427 dulcior
1242 2371 1286 2424 est
1298 2370 1327 2422 et

742 2443 946 2501 delectabilior.
968 2447 1088 2500 Tantum
1116 2442 1220 2498 etenim
1254 2439 1329 2495 inter

743 2521 892 2585 utramque
902 2515 988 2571 vitam
1000 2514 1181 2571 intervallum
1191 2516 1328 2584 quantum

743 2586 818 2642 inler
844 2592 956 2657 portum
980 2593 1009 2641 et
1033 2585 1164 2642 lluclibus
1190 2589 1329 2652 agitatum

745 2658 870 2729 pelagus.
903 2659 941 2712 lix
972 2657 1140 2713 habitaculis
1169 2656 1264 2734 statim
1292 2652 1329 2708 ab

744 2725 1328 2791 eiord10.borumfelicitateinconsrdera3

744 2801 806 2855 l'ora
825 2800 901 2856 enim
917 2805 946 2855 ct
966 2799 1103 2865 civitates,
1118 2803 1147 2852 el
1166 2813 1215 2854 eos
1234 2795 1329 2867 quiin

745 2871 838 2927 medio
846 2876 912 2926 suut
922 2871 1059 2926 tumultus
1078 2868 1324 2935 luqientcsvrtam¹

745 2958 808 3014 qnae
821 2947 862 2997 cst
879 2941 909 2997 in
924 2941 1079 3008 montibus,
1093 2941 1249 3010 clegerunt,
1267 2952 1330 3019 quae

745 3012 816 3068 uiliil
835 3013 921 3069 habet
942 3028 1092 3068 commune
1111 3015 1148 3068 ad
1171 3017 1330 3078 [lraesenlla.

745 3085 808 3140 lam
823 3092 919 3140 autem
935 3083 991 3149 hic,
1005 3100 1068 3155 quae
1083 3082 1120 3138 ad
1135 3081 1270 3138 coelorum
1287 3096 1331 3136 rc·

745 3171 832 3227 guum
849 3157 991 3225 pertinent
1004 3153 1187 3222 meditantur,
1199 3168 1262 3208 cum
1274 3149 1334 3233 qui·

746 3233 790 3282 ete
808 3227 916 3296 multa;
937 3225 1081 3299 praecipue
1100 3234 1196 3282 autem
1213 3225 1331 3280 Domino

745 3298 866 3355 hareni.
883 3298 958 3370 Opus
972 3304 1066 3354 aulem
1082 3297 1195 3354 illorum
1209 3293 1332 3366 idipsum

745 3375 799 3438 est,
816 3370 891 3441 quod
915 3370 1005 3426 Adam
1026 3369 1106 3426 initio
1129 3366 1239 3437 habuit,
1254 3371 1333 3424 ante

746 3456 832 3514 quam
847 3446 989 3513 peccaret,
1026 3442 1120 3498 uando
1137 3442 1230 3512 gloria
1248 3438 1330 3496 indu·

746 3522 791 3569 lus
815 3529 879 3569 cum
907 3514 964 3569 Deo
992 3459 1082 3570 libere
1106 3512 1286 3584 loquebatur,
1304 3515 1333 3567 et

744 3584 839 3641 locum
858 3585 936 3640 illum
952 3585 1040 3641 multa
1055 3584 1229 3642 beatitudine
1243 3582 1332 3639 reler-

745 3661 806 3712 tum
823 3655 975 3713 incolebat.
992 3659 1095 3727 laquo
1113 3660 1188 3711 enim
1204 3653 1233 3710 hi
1253 3654 1333 3726 pejus

746 3743 831 3799 quam
853 3726 901 3783 ille
925 3727 1043 3797 degunt,
1059 3742 1123 3783 cum
1149 3731 1215 3782 aute
1236 3723 1334 3779 inobe-

747 3797 885 3854 dientiam
906 3798 1014 3869 positus
1032 3806 1076 3855 est
1096 3797 1125 3853 in
1143 3795 1288 3868 paradiso,
1305 3796 1335 3849 ut

748 3874 934 3935 upmareturt'
948 3871 1031 3927 Nulla
1043 3868 1097 3940 ipsi
1109 3864 1245 3945 secularis
1258 3863 1334 3945 solli-

747 3939 858 4009 citudo,
880 3940 958 3998 nulla
979 3945 1066 3997 etiam
1089 3938 1241 4015 monachis·
1258 3933 1330 4015 illr's3

748 4011 805 4067 Deo
814 4011 983 4083 loquebatur
991 4027 1055 4068 eum
1067 4025 1137 4080 pura
1147 4014 1332 4085 conserenda,

748 4088 777 4138 et
801 4083 828 4138 hi
845 4083 987 4150 similiter,
1007 4083 1064 4136 imo
1088 4079 1176 4134 inulto
1196 4091 1336 4147 majorem

748 4169 832 4225 quam
859 4154 906 4211 ille
932 4151 1066 4209 [idriolam
1092 4150 1209 4215 habent,
1236 4150 1336 4217 utpote

748 4224 849 4296 majori
875 4228 1000 4281 fruentes
1024 4219 1118 4293 gralia
1143 4216 1273 4291 Spiritus.
1297 4216 1330 4275 lli

747 4296 824 4355 orbis
839 4301 980 4354 terrarum
999 4290 1164 4359 luminares,
1181 4295 1332 4362 surgentes
