2820 4928
288 335 291 340 ’
376 337 414 394 DE
446 334 596 393 costulis
623 339 686 394 itud
712 338 1016 399 sutuulliziluls
1084 365 1089 374 ·
1292 328 1320 388 ti

89 464 162 525 quos
176 465 229 580 ego
248 447 313 508 veui
333 447 452 532 saliare,
469 445 535 532 quia
551 464 603 521 ego
622 465 674 523 pro
728 450 884 510 discente
900 449 989 532 igitur
1002 444 1127 517 ambula,
1148 444 1200 506 tibi
1213 444 1318 506 adsunt

88 523 197 580 bomini
221 538 254 580 us
272 524 356 578 homo
371 521 434 578 llerr
453 522 673 592 dignatussum.
730 523 840 597 Angeli,
871 523 945 579 sicut
964 539 1006 580 eis
1027 521 1194 578 mandatum
1216 525 1270 589 est,
1291 523 1321 575 tn

89 595 172 651 Unde
185 594 256 651 dicit
265 591 433 668 Apostolus:
447 594 512 652 Noli·
527 597 675 650 contristo·
730 596 854 652 omnibus
877 599 931 651 uiis
946 592 1012 651 tuis.
1027 596 1058 650 lii
1077 592 1177 665 quovis
1192 593 1320 648 diverso·

89 683 119 723 re
133 672 159 722 et
171 666 285 739 perdere
299 668 417 734 fratrem
432 670 520 735 tuum,
544 682 598 737 pro
620 681 675 737 quo
731 667 784 736 rio,
808 672 837 724 et
858 665 889 723 in
906 665 1005 739 quovis
1020 666 1135 737 angulo,
1146 664 1254 737 Angelo
1270 669 1319 720 tuo

91 740 219 796 cbristus
232 743 356 795 mortuus
370 741 420 793 est.
440 737 502 793 Neu
515 742 584 793 sunt
605 753 675 809 ergo
730 740 919 795 reverentiam
935 738 1058 807 habeto;
1076 754 1112 794 ue
1134 736 1253 803 audeas,
1269 735 1318 792 illo

90 810 291 866 contemnendi
313 807 419 881 pusilli,
447 807 496 880 qui
517 808 591 866 tanti
608 813 678 866 suut
731 815 883 883 praesente,
898 810 973 881 quod
983 809 1098 866 vidente
1117 826 1173 876 nic,
1193 825 1250 866 uoii
1265 823 1320 863 aii·

88 880 166 953 apud
193 880 294 938 Filium
321 879 383 949 Dei,
403 879 452 952 qui
474 879 678 951 proeisveuit
732 883 826 939 deres.
855 881 928 950 Quid
951 882 1091 939 retribues
1111 879 1242 945 Domino,
1267 893 1319 951 pro

89 951 178 1021 mori,
193 968 246 1010 nec
268 952 354 1024 debet
370 967 469 1008 servus
479 958 675 1022 contemnere,
732 955 946 1025 omnibusque
969 953 1102 1010 retribuit
1126 951 1203 1009 tibi?
1227 950 1319 1022 Siqui-

88 1040 160 1096 quos
174 1023 313 1081 Dominus
325 1029 438 1080 tautum
451 1022 559 1094 dilexit,
567 1025 618 1080 sed
634 1039 679 1080 ex·
734 1025 801 1081 dem
825 1024 851 1084 ei
875 1024 926 1081 soli
944 1025 1035 1082 bonor
1057 1030 1087 1082 ot
1107 1023 1208 1096 gloria.
1229 1025 1321 1091 Quare

88 1097 182 1167 emplo
194 1097 258 1167 ejus
274 1110 390 1152 omnem
400 1102 550 1165 curam,ut
566 1096 677 1152 salven·
735 1095 762 1152 ei
782 1096 856 1152 solit
870 1095 939 1163 Quia
949 1096 1009 1169 ipse
1020 1095 1175 1161 mandarit,
1189 1099 1217 1151 et
1235 1107 1321 1152 omne

88 1172 146 1235 tur,
161 1166 312 1234 adhibere,
333 1182 386 1238 pro
413 1165 516 1247 quibus
536 1165 680 1247 salvandi-s
736 1166 840 1223 datum
855 1166 992 1237 optimum
1006 1183 1066 1223 nou
1081 1165 1135 1222 uisi
1152 1168 1188 1223 ab
1201 1166 1248 1222 illo
1261 1172 1322 1246 est·²

89 1237 232 1294 Dominus
242 1236 329 1293 uenit.
339 1239 372 1292 Et
381 1237 443 1292 haec
455 1242 529 1292 ratio
542 1252 594 1293 seu
608 1252 683 1307 cogi·
737 1242 946 1306 verumtamen,
962 1236 1014 1295 etsi
1030 1237 1078 1294 ille
1100 1237 1254 1304 mandarit,
1270 1236 1324 1306 ipsi

89 1307 174 1376 tatio,
195 1307 353 1364 secundum
368 1309 600 1379 chrysostomum,
616 1323 682 1363 ma-
759 1324 864 1380 uoque,
882 1307 929 1381 qui
942 1308 967 1365 ei
983 1325 1016 1366 ex
1031 1313 1112 1365 tauta
1125 1307 1243 1365 caritate
1255 1307 1326 1362 obe·

87 1380 140 1450 jor
154 1378 314 1451 estpriore.
332 1379 421 1435 Grave
436 1382 479 1435 est
501 1386 683 1436 contemnere
737 1325 821 1437 diunt
842 1385 871 1437 et
895 1380 980 1438 nobis
1007 1379 1181 1437 subveniunt
1200 1379 1228 1435 iii
1247 1382 1327 1435 tauta

91 1466 179 1521 quein
196 1452 273 1506 Deus
285 1451 407 1507 honorat
420 1450 527 1520 ilngelo
544 1451 679 1519 custode;
736 1450 916 1520 necessitate,
938 1452 1068 1524 ingratos
1086 1467 1148 1508 esse
1165 1467 1219 1507 uoii
1249 1449 1323 1506 licet.

89 1521 142 1577 sed
166 1520 295 1592 gravius,
323 1527 443 1602 propter
457 1522 539 1578 cu'us
559 1521 681 1579 salutem
736 1523 829 1581 Simus
839 1539 908 1596 ergo
921 1524 1025 1587 devoti,
1047 1523 1137 1581 simus
1151 1521 1223 1594 grati
1238 1521 1325 1577 tantis

484 1538 502 1648 d
735 1594 1324 1665 custodibus3reclamemuseosquantum

735 1682 897 1795 possumus,
914 1675 943 1723 et
957 1673 1094 1740 quantum
1109 1667 1248 1725 debemus
1268 1682 1275 1721 ε
1306 1685 1320 1716 >i

87 1591 137 1649 Dei
152 1591 241 1649 Filius
256 1591 344 1648 voluit
360 1608 390 1647 in
414 1607 481 1648 mun
504 1608 552 1650 um
571 1592 677 1650 uenire.

125 1687 141 1736 7
158 1665 200 1720 Du
215 1666 384 1720 Aucauouuii
398 1681 537 1721 cusrouuii
552 1682 679 1721 iiinisra-

85 1753 141 1792 nio.
157 1764 192 1778 -
220 1736 262 1792 De
279 1735 415 1809 praedicto
435 1737 606 1807 Angelorum
624 1735 678 1793 mi·

88 1806 210 1864 nisterio
230 1806 272 1863 sic
290 1806 359 1863 dicit
371 1809 551 1865 Bernartius:
571 1830 585 1859 ι
602 1808 681 1865 Fide-

87 1879 124 1935 lis
140 1879 365 1952 paranymphus,
382 1879 430 1961 qui
452 1881 544 1937 mutui
572 1880 680 1937 amoris

34 1968 40 1979 ¹
86 1949 235 2018 conscius,
250 1951 374 2007 sednon
391 1950 515 2021 invidus,
529 1968 585 2008 non
599 1967 681 2008 suain

88 2020 207 2094 quaerit,
218 2021 269 2103 sed
283 2021 397 2079 Domini
406 2021 545 2150 (gloriam.
567 2023 681 2080 Discur-

88 2092 128 2150 rit
157 2093 270 2150 medius
301 2092 379 2150 inter
426 2094 542 2151 ilectum
562 2100 591 2152 et
609 2094 682 2152 dile·

89 2173 167 2221 ctam
195 2171 261 2221 vota
280 2165 414 2234 offerens,
440 2166 566 2223 reserens
591 2167 681 2235 dona;

91 2236 199 2292 excitat
212 2235 309 2307 istam,
324 2236 419 2309 placat
431 2237 520 2294 illum.
536 2239 682 2295 interdum

91 2323 222 2379 quoque,
246 2306 312 2365 licet
333 2324 410 2377 raro,
429 2315 683 2381 repraesentatem

88 2378 288 2460 puritersibi;
305 2376 365 2436 sire
379 2380 453 2437 hauc
468 2382 596 2453 rapiens,
622 2382 682 2438 sive

89 2449 175 2506 illum
195 2449 349 2507 adducens.
375 2452 520 2524 Siquidem
546 2451 681 2510 domesti-

87 2537 141 2577 cus
162 2525 206 2577 est
223 2527 253 2577 ct
266 2530 350 2578 notus
363 2520 393 2578 in
405 2523 521 2596 palatio,
536 2541 587 2581 uec
605 2540 683 2581 vere

90 2598 143 2649 tur
158 2592 316 2664 repulsum,
336 2600 365 2650 et
388 2594 514 2665 quotidie
537 2596 616 2653 videt
640 2596 682 2652 sa·

90 2664 168 2720 ciem
197 2663 299 2721 Patris.
327 2684 341 2717 i>
366 2667 445 2723 Unde
468 2668 681 2724 etitusclmus:

88 2757 104 2790 u
132 2734 222 2791 Millia
250 2735 371 2793 millium
391 2737 427 2794 ad
447 2739 614 2812 complenda
632 2742 682 2796 Pa·

90 2805 145 2864 tris
161 2805 326 2864 ministeria
348 2807 435 2865 alacri
457 2809 587 2868 discursu
599 2813 682 2884 jugi-

89 2884 137 2935 ter
159 2883 257 2935 meant
283 2877 359 2936 inter
384 2882 487 2938 coelum
510 2887 539 2939 et
561 2890 681 2950 terrain,

91 2949 176 3021 qnasi
201 2965 270 3020 apes
292 2951 448 3022 negotiosae
463 2953 540 3009 iuter
557 2954 684 3009 alvearia

94 3025 124 3077 et
146 3023 244 3089 liures,
268 3024 390 3082 suaviter
415 3025 602 3096 disponentes
616 3038 684 3078 om-

94 3090 145 3148 nia
159 3109 166 3159 ;
182 3107 220 3164 po
241 3092 304 3150 ulus
319 3094 474 3163 accinctus,
490 3094 622 3151 nesciens
638 3094 685 3149 la-

94 3162 173 3232 bem,
192 3108 240 3220 red
265 3165 466 3225 inobedientiae
494 3181 604 3222 moram
635 3181 642 3221 :
668 3184 682 3218 l)

96 3235 158 3292 liaec
172 3236 330 3316 anselmus.
348 3238 435 3295 Vides
455 3254 540 3310 quam
561 3236 684 3296 fideliter

90 3308 131 3362 Au
154 3305 191 3362 eli
205 3307 296 3365 nostri
311 3309 395 3366 uobis
407 3309 543 3367 serviunt.
556 3315 585 3366 et
596 3326 682 3381 quam

89 3322 205 3434 sulficiti
234 3379 310 3436 eirca
330 3386 489 3463 possunt,
523 3382 598 3438 unde
626 3381 682 3438 illis

92 3464 227 3531 maguam
260 3459 453 3509 reverentiam
481 3454 629 3523 debemus,
654 3458 683 3510 et

90 3520 221 3603 quotidie
232 3537 283 3580 eos
298 3523 465 3594 laudare,ac
476 3524 516 3582 eis
528 3525 683 3597 gralimuin

89 3598 219 3650 actiones
237 3594 345 3653 reterre
364 3596 515 3669 ;nihilque
541 3596 682 3667 illicitum,

92 3665 135 3721 vel
150 3669 234 3737 turpe
246 3664 276 3723 in
286 3683 387 3724 eorum
399 3667 562 3741 prasentia,
573 3668 621 3742 qui
635 3685 684 3726 uo·

90 3735 201 3794 biscum
216 3743 296 3808 sunt,
313 3739 450 3812 cogitare,
464 3740 508 3797 vel
529 3740 618 3814 loqui,
633 3744 684 3798 aut

90 3809 189 3865 omnia
222 3810 345 3882 operari.
363 3811 406 3869 ild
430 3812 493 3868 haec
519 3828 570 3869 uos
588 3817 685 3869 monet

90 3880 379 3951 Dernurdus,dicens:
394 3884 532 3953 «Anneio
541 3886 599 3940 suis
609 3901 686 3940 mon·

89 3952 171 4007 duuit
184 3952 218 4008 de
232 3958 269 4022 te,
285 3958 317 4011 ut
336 3955 496 4011 custodiant
510 3960 537 4011 te
552 3959 583 4011 ta
595 3959 683 4012 omnl-

92 4024 142 4079 bus
155 4026 210 4080 uiis
226 4028 293 4081 tuis.
307 4028 448 4094 Quantam
465 4025 516 4083 tibi
531 4027 616 4084 debet
630 4028 684 4084 hoc

92 4094 214 4150 verbum
235 4098 425 4155 reverentiam
443 4097 559 4163 inferre,
580 4099 685 4157 ailerre

90 4164 285 4237 devotionem,
305 4169 437 4226 conferre
453 4169 611 4228 fiduciam:
634 4186 684 4228 re·

91 4237 261 4308 senentiam,
282 4240 683 4323 ropraesentia;devotioucm,

91 4323 144 4384 prs
149 4255 366 4382 benevolentem
379 4312 583 4387 fiduciam,pro
591 4319 682 4374 custo·

756 1754 797 1794 aec
822 1739 988 1797 bernardus.
1005 1741 1039 1796 Et
1065 1739 1142 1808 ideo,
1158 1753 1223 1794 cum
1243 1735 1321 1794 omni

735 1810 892 1868 attentione
912 1826 1023 1868 necnon
1038 1815 1067 1868 et
1081 1809 1243 1877 devotione,
1259 1808 1323 1864 dis-

735 1881 822 1939 tincte
837 1887 866 1939 et
886 1883 1019 1940 alacriter
1042 1881 1167 1940 osticium
1196 1879 1323 1937 divinum

736 1953 883 2021 exsolvas;
908 1959 935 2010 et
960 1953 990 2010 iii
1017 1953 1160 2021 omuibus,
1186 1951 1322 2032 scilicet:

736 2024 888 2096 cogitando
911 2030 940 2082 et
962 2026 1051 2082 verba
1071 2022 1256 2096 proterendo,
1281 2037 1323 2076 ri·

737 2096 830 2153 dendo
841 2101 869 2152 et
883 2095 1039 2165 audiendo,
1065 2096 1166 2152 stando
1182 2099 1210 2151 et
1225 2093 1323 2150 seden-

736 2168 785 2239 do,
800 2166 984 2240 supplicando
1000 2175 1030 2224 et
1041 2166 1319 2248 veniamsumeudo;

737 2255 791 2296 nec
803 2255 861 2296 uon
881 2239 911 2296 in
925 2241 989 2297 aliis
1008 2238 1126 2311 siugulis
1146 2238 1183 2296 ad
1208 2239 1322 2294 luterio

737 2327 798 2368 rem
813 2316 842 2368 et
860 2312 1029 2368 exteriorem
1052 2310 1198 2369 bominem
1218 2308 1247 2365 iii
1272 2310 1326 2365 hoc

737 2381 831 2440 olflcio
846 2383 1051 2456 spectantibus,
1065 2384 1105 2440 sic
1118 2385 1283 2440 reverenter
1296 2385 1323 2436 ct

738 2454 883 2512 humiliter
896 2460 924 2511 le
947 2456 1063 2525 habeas,
1079 2454 1161 2526 quasi
1183 2456 1273 2509 Deum
1290 2466 1323 2507 ac

737 2526 850 2584 beatam
869 2526 1014 2598 Virginem
1030 2533 1060 2583 et
1074 2541 1174 2582 omnes
1199 2523 1323 2595 Angelos

737 2605 765 2655 et
782 2599 900 2655 Sanctus
910 2598 1108 2670 corporalibus
1120 2595 1212 2676 oculis
1226 2608 1325 2651 coram

737 2674 764 2727 te
784 2669 892 2740 videas,
911 2669 1075 2742 recogitans
1095 2669 1170 2740 quod
1189 2682 1252 2723 sine
1267 2667 1326 2723 du-

736 2740 784 2798 bio
809 2747 966 2813 presentes
979 2746 1046 2798 suut
1059 2739 1160 2866 Αηῗείἰ
1174 2737 1277 2820 sancti,
1294 2740 1324 2792 iii

737 2828 858 2883 quorum
873 2818 1027 2884 conspectu
1043 2815 1104 2882 psal
1118 2811 1143 2866 is
1162 2811 1220 2875 Deo
1236 2810 1277 2865 ibi
1297 2811 1327 2864 et

737 2882 843 2953 ubique
857 2884 1004 2953 praesenti.
1026 2882 1105 2936 Unde
1126 2879 1251 2960 qualiter
1265 2879 1324 2932 ho-

738 2967 786 3006 mo
815 2951 846 3006 iii
866 2950 995 3006 oratioue
1025 2948 1117 3020 possit
1136 2953 1325 3004 intentionem

739 3036 821 3078 suain
836 3019 1011 3089 recolligere,
1027 3020 1109 3075 docet
1124 3020 1257 3087 Basilius,
1279 3018 1327 3075 di-

739 3107 807 3149 ceus
824 3109 858 3149 :r
873 3092 1020 3159 Quomodo
1030 3107 1088 3148 nou
1098 3089 1241 3149 obtinebit
1254 3089 1326 3163 quis,

739 3168 770 3223 ut
785 3162 816 3220 in
833 3162 960 3221 oratioue
976 3179 1076 3220 seusus
1090 3165 1152 3237 ejus
1168 3179 1225 3220 nou
1240 3179 1325 3234 vage·

739 3242 795 3306 tur,
812 3234 835 3292 si
851 3242 946 3294 certus
958 3235 993 3293 sit
1005 3235 1138 3294 assistere
1149 3241 1215 3295 ante
1231 3236 1327 3294 oculos

738 3307 872 3366 Domini?
904 3308 1053 3383 Recogitet
1080 3326 1148 3382 ergo
1175 3310 1261 3366 hoino
1294 3324 1325 3365 se

738 3387 826 3451 stare,
843 3398 893 3439 seu
912 3397 1033 3453 pronum
1048 3382 1145 3455 jacere
1165 3391 1230 3439 ante
1248 3397 1324 3438 cou-

738 3458 865 3526 spectum
880 3452 974 3521 Dei,ct
991 3470 1088 3511 secum
1103 3453 1190 3525 loqui,
1202 3458 1230 3512 et
1242 3455 1325 3527 juia·

737 3526 816 3583 bitur
830 3542 848 3582 a
861 3529 1011 3597 vagatione
1024 3526 1139 3584 mentis.
1155 3527 1233 3583 Unde
1248 3527 1325 3582 lere·

738 3596 839 3654 uiias:
868 3599 1019 3655 Recordare
1049 3599 1123 3669 quod
1149 3600 1271 3654 steteram
1296 3597 1326 3649 in

738 3674 882 3740 conspectu
899 3675 957 3737 tuo,
970 3672 1002 3725 ut
1017 3670 1143 3742 loquerer
1153 3687 1204 3741 pro
1219 3671 1258 3725 es's
1280 3667 1326 3722 bo·

737 3757 815 3810 num,
834 3740 892 3797 imo
905 3741 1051 3798 recordari
1066 3740 1148 3798 limet
1165 3749 1241 3798 stare
1260 3743 1326 3795 autc

738 3816 922 3885 conspectum
934 3811 984 3869 Dei
1002 3829 1009 3868 :
1025 3832 1039 3866 o
1054 3813 1116 3870 haec
1135 3815 1270 3869 Duellius.

773 3889 790 3941 8
806 3886 938 3952 Quoiiouo
950 3901 1042 3940 uovaii
1054 3901 1149 3941 caenis
1159 3886 1328 3960 Aucianoncn

738 3973 812 4013 iioiio
827 3973 966 4022 associum
987 3974 1122 4013 iiiinmun.
1144 3985 1175 3996 -
1193 3957 1235 4020 Et,
1250 3964 1327 4031 'quia

737 4026 869 4085 homines
899 4027 990 4085 beatis
1017 4025 1164 4100 spiritibus
1199 4019 1327 4104 sociandi

738 4106 814 4168 suut,
822 4098 928 4156 idcirco
941 4099 987 4157 hic
995 4104 1063 4155 uota
1072 4094 1147 4167 quod
1158 4104 1328 4166 quicumque

737 4171 767 4229 iu
786 4171 909 4228 Ecclesia
931 4177 984 4242 est,
1008 4173 1036 4226 et
1054 4164 1176 4241 maixime
1199 4163 1229 4218 iu
1255 4157 1328 4216 reli-

738 4242 833 4315 gione,
852 4242 986 4307 fideliler,
1010 4234 1157 4295 humiliter
1179 4240 1208 4289 et
1226 4231 1327 4292 devote

738 4313 889 4373 ministret.
904 4315 938 4369 Et
951 4309 1000 4382 qui
1017 4309 1133 4380 propter
1145 4306 1235 4363 Deum
1249 4302 1329 4377 iulii·-
