2820 4928
124 225 166 275 118
466 218 625 275 ShCthllAE
652 218 771 273 rantis
799 214 905 269 ntrhr
932 213 1008 265 xrtl

123 336 181 393 lem
196 336 225 391 ct
236 331 301 391 aliis
316 329 418 389 ricinis
428 328 498 388 locis
509 328 546 385 au
558 327 707 385 consolan-

123 408 191 467 dum
207 422 256 464 eas
275 411 424 472 venerant,
441 401 509 474 quia
531 400 641 458 nobiles
661 401 709 457 de·

123 479 208 537 minae
227 482 318 546 erant,
335 476 396 533 sola
410 474 469 543 isit,
486 478 514 530 et
539 472 650 529 Christo
667 488 710 529 re·

126 558 259 609 verenter
283 554 311 605 et
337 548 437 604 herote
467 543 599 602 occurrit.
630 545 710 603 Unde

123 627 164 684 ait
180 621 349 693 Theophilus
365 637 373 675 ε
392 640 406 671 u
427 617 523 676 Primo
540 618 636 690 itaque
652 633 710 674 non

122 695 223 768 pandit
251 691 353 762 sorori,
378 689 477 749 volens
503 696 627 747 astantes
655 690 711 747 hoc

120 769 221 836 latere,
238 763 343 838 quibus
367 768 466 821 notum
480 763 542 819 soro
556 763 710 820 adrentum

124 837 230 897 Christi
255 837 382 895 nolebat.
402 856 417 888 »
445 836 524 893 Unde
543 840 571 891 et
587 834 711 905 Chryse-

124 917 229 969 stomus
246 933 253 968 :
273 930 288 961 ι(
303 911 364 967 Non
383 912 480 967 autem
495 904 613 964 assumit
627 923 712 963 soro-

124 999 196 1054 rem,
210 983 278 1040 dum
293 980 403 1039 Christo
420 979 532 1037 ebriam
545 980 640 1049 raitit3
653 979 712 1035 vult

128 1055 206 1114 enim
231 1052 415 1126 singulariter
441 1051 550 1110 Christo
572 1050 660 1124 loqui,
685 1055 713 1108 et

129 1129 205 1202 quod
225 1128 331 1184 laetum
347 1130 390 1183 est
405 1123 430 1182 ei
445 1123 626 1183 annuntiare.
643 1125 713 1181 Cum

130 1217 198 1259 vero
212 1216 277 1258 eam
294 1199 324 1256 in
339 1198 445 1255 henam
459 1213 539 1270 spem
551 1195 714 1264 duxit,tunc

129 1271 200 1335 abiit
213 1279 242 1331 et
256 1269 490 1330 rocavithlariam
503 1287 510 1326 ε
523 1292 537 1321 «
552 1270 612 1325 haee
628 1270 714 1337 Ghrp-

128 1351 271 1404 certemus.
286 1346 365 1403 llicit
387 1360 450 1412 erqo
465 1344 578 1398 Martha
604 1341 641 1396 aa
670 1343 714 1397 Je-

129 1435 189 1477 sum
204 1439 213 1475 z
228 1421 351 1486 homino,
366 1418 502 1484 siluisses
517 1416 570 1473 hio.
587 1411 715 1470 localiter

129 1507 267 1565 praesens,
280 1492 370 1557 frater
381 1503 455 1543 meus
470 1503 523 1542 non
536 1488 636 1554 (uisset
648 1501 717 1540 mer·

134 1570 209 1628 tuus,
226 1576 291 1618 cum
307 1576 385 1617 mors
409 1558 502 1614 locum
525 1557 631 1614 habere
658 1572 715 1614 non

130 1636 245 1702 debeat,
260 1631 307 1689 ubi
324 1636 366 1687 est
376 1629 485 1686 vitallt
496 1633 560 1700 post
571 1628 715 1698 dialogum

129 1708 164 1763 «lc
180 1701 393 1762 resurrectione
408 1716 474 1757 cnm
495 1700 613 1757 bomine
634 1699 715 1757 habi-

130 1782 190 1834 lum
207 1793 214 1832 :
230 1775 311 1831 Abiit
333 1819 340 1841 ,
360 1780 386 1831 et
404 1775 513 1829 eoeooit
533 1775 652 1830 hieriam
670 1788 714 1828 so-

130 1864 219 1905 rorem
231 1863 310 1903 suom
319 1846 440 1912 silentio,
456 1846 549 1901 dicens
562 1862 568 1901 :
580 1847 716 1913 Magister

130 1922 217 1988 celest,
235 1924 261 1977 et
290 1924 369 1975 vocet
384 1924 419 1975 te.
441 1917 494 1975 Ubi
511 1919 686 1987 aliquetenus
706 1933 713 1974 ε

134 2016 148 2047 u
167 1991 361 2052 evertendum
378 1990 454 2064 quod
469 2006 652 2064 suppressam
666 2007 716 2046 re-

131 2083 193 2124 cem
217 2063 361 2123 silentium
385 2063 504 2122 vocarit.
527 2063 594 2121 ldeo
620 2067 716 2121 autem

133 2139 242 2196 occulte
264 2153 394 2196 sororem
419 2141 510 2203 vocat,
527 2135 593 2207 quia
616 2134 641 2191 si
664 2134 715 2193 sci-

131 2211 238 2267 vissent
252 2208 343 2267 tudoei
359 2206 503 2265 Christum
518 2206 662 2275 advenire,
674 2223 717 2264 ro-

132 2282 296 2349 cessissent‚
315 2284 343 2335 et
358 2295 417 2335 non
433 2279 552 2334 luissent
564 2282 652 2334 testes
666 2278 716 2335 mi·

132 2352 221 2410 raeoli
236 2370 243 2408 ι
257 2372 272 2402 »
294 2352 355 2406 haec
373 2350 558 2418 Augustinus.
569 2349 619 2406 llla
635 2366 713 2420 vero,

133 2423 221 2481 llario
249 2421 367 2492 seilicet,
387 2426 418 2477 ul
442 2422 675 2494 aestatemque
699 2439 717 2480 a

130 2495 227 2625 quiete
240 2492 487 2567 contemplationis
501 2497 554 2550 etto
573 2509 625 2565 per
637 2494 715 2551 desi·

150 2568 240 2624 orium
253 2566 358 2634 cordis,
369 2574 395 2623 et
409 2569 484 2622 vertit
495 2583 527 2623 ex
543 2583 648 2638 magna
660 2568 716 2624 de-

132 2639 245 2697 votione
257 2640 295 2695 ael
307 2656 367 2695 eum
377 2643 457 2696 extra
468 2639 627 2711 castellum,
636 2639 665 2696 in
676 2640 715 2696 lo·

133 2729 207 2781 cum,
216 2713 264 2769 ubi
278 2711 304 2768 ei
318 2713 431 2768 Martha
442 2720 616 2768 occurrerat.
628 2713 719 2769 ludaei

133 2802 206 2855 erqo,
219 2783 438 2856 lerosolymilae,
455 2788 483 2840 et
497 2783 557 2852 alii,
576 2788 625 2856 qui
640 2789 719 2841 eram

134 2875 194 2915 eum
205 2874 247 2927 eo,
256 2861 285 2913 tn
300 2857 379 2913 (temo
392 2862 417 2913 ot
430 2857 719 2922 consolabuntureom,

130 2948 195 2990 erem
209 2931 345 2986 uidissent
355 2932 562 3001 hiertam,qulo
571 2933 720 2986 ettosurre·

112 3036 115 3041 ·
137 3007 181 3060 eit
194 3005 555 3071 eleatlteecutisunteam,
572 3003 721 3060 credentes

137 3076 204 3148 quia
215 3076 270 3133 iret
280 3075 316 3133 ad
332 3080 559 3145 monumentum,
569 3079 600 3130 ut
612 3074 651 3132 ibi
664 3075 723 3147 ple·

136 3154 226 3218 reret,
247 3152 275 3205 et
294 3147 455 3204 nescientes
475 3146 551 3219 quod
571 3145 628 3203 illic
642 3149 723 3204 lesus

142 3225 227 3278 esset.
247 3219 349 3276 Divina
372 3225 468 3275 autem
485 3217 664 3291 providentia
686 3219 725 3277 la·

140 3297 219 3349 ctum
241 3295 284 3348 est
304 3295 335 3347 ut
351 3306 414 3346 eam
435 3297 633 3361 sequerentur,
646 3290 723 3363 quia,

138 3361 295 3420 seeundum
318 3363 516 3432 augustinum,
532 3362 594 3417 heac
613 3362 724 3419 occasio

141 3433 207 3491 lecit
223 3439 254 3489 ut
268 3433 366 3504 plures
378 3432 416 3489 ibi
428 3437 533 3502 essent,
548 3435 661 3504 quando
671 3437 723 3492 La·

142 3521 224 3562 rarus
247 3505 400 3561 suscitatus
424 3508 477 3572 est,
490 3511 523 3560 ut
544 3509 602 3560 tam
615 3508 725 3579 grande

139 3577 308 3634 miraculum
318 3574 501 3649 quatriduani
514 3576 616 3633 mortui
628 3595 725 3635 resur-

139 3652 234 3722 gentis
248 3653 336 3705 testes
351 3648 489 3722 plurimos
502 3647 651 3707 inveniret.
667 3654 726 3707 hlo-

139 3725 186 3779 rio
200 3738 274 3792 erqo,
289 3739 349 3778 eum
371 3725 489 3778 aestimet
503 3724 552 3778 ubi
566 3726 724 3793 mollescis,

31 3857 34 3861 ,
140 3795 238 3851 utilene
252 3810 313 3850 eum
328 3796 436 3865 recidit,
455 3811 487 3851 ex
511 3796 672 3859 devotione.
690 3797 727 3852 oet

139 3869 223 3942 pestes
238 3867 308 3943 ejus,
322 3867 398 3939 apud
413 3883 484 3938 qnos
503 3868 727 3927 misericordiam

143 3946 172 3998 et
200 3944 382 4015 peccalorum
412 3939 524 3996 reniam
551 3957 581 3997 se
610 3948 729 3997 noverat

144 4012 216 4071 alias
228 4017 428 4082 consecutam
444 4017 470 4067 et
482 4013 558 4067 dicit
569 4016 604 4077 el,
614 4013 688 4069 sieut
700 4019 728 4070 et

145 4088 255 4143 Martha
282 4085 415 4144 dixerat:
440 4087 601 4154 beselehel
626 4088 728 4154 luisses

146 4160 199 4225 hle,
215 4176 269 4216 oon
293 4164 362 4216 esset
386 4163 509 4214 mortuus
528 4160 618 4226 freter
641 4174 726 4216 eneas.

146 4232 185 4286 Ex
201 4233 255 4289 hoc
269 4237 363 4290 autem
382 4231 458 4304 quod
478 4229 567 4288 blaria
587 4228 627 4286 sic
648 4230 727 4287 lesti-

762 325 840 384 norit
859 322 895 381 tul
912 337 989 393 eum,
1007 326 1104 397 patet,
1120 319 1286 379 secuudum
1301 319 1351 401 hu·

761 401 914 469 pastinum.
930 395 1006 468 quod
1027 411 1089 455 nou
1104 392 1192 453 illam
1207 406 1353 467 praveme-

764 476 807 529 set
821 470 941 538 hlartha,
957 466 980 524 si
992 467 1018 524 ei
1033 473 1125 525 notus
1136 466 1246 525 luisset
1259 465 1356 524 adree-

764 550 809 601 tus
823 545 916 601 lesus.
935 543 988 597 Per
1004 540 1060 599 hoc
1073 542 1171 597 etiam
1189 539 1271 613 quod
1287 541 1355 619 tter·

764 617 814 675 tha
836 622 865 673 et
889 612 977 673 tlaria
1004 612 1207 671 obviaverunt
1234 613 1357 681 Domum,

766 704 823 746 non
851 689 1050 760 exspectantes
1076 683 1279 743 adventumi
1315 682 1357 749 ias,

765 763 851 819 datur
874 756 1006 829 intelligi,
1032 757 1116 830 quod
1145 773 1216 815 cum
1243 770 1358 813 soumus

766 836 825 891 Deo
839 829 1029 900 reconciliari,
1047 830 1200 889 debemus
1222 828 1252 887 ei
1275 843 1358 885 oerur·

766 922 831 964 rere
846 920 896 977 per
914 901 1131 976 poenitentiam.
1156 898 1360 974 antequamal

768 994 820 1036 uos
839 977 935 1034 veniat
954 991 1004 1046 per
1024 973 1211 1044 vindictamr
1235 973 1304 1047 quia
1320 987 1359 1031 nor

768 1055 932 1123 peccatores
947 1063 1044 1105 snmus
1068 1051 1100 1103 et
1127 1048 1297 1105 meruimus
1311 1061 1360 1118 per

769 1120 930 1180 cessionem
951 1125 980 1178 et
997 1135 1127 1192 poenam.
1142 1121 1253 1178 Cessat
1268 1124 1359 1187 autem,

768 1201 799 1253 ut
820 1193 889 1251 dicit
911 1193 1084 1259 Ambrosius,
1103 1191 1215 1251 divina
1238 1190 1360 1259 vindicta,

769 1267 793 1325 si
818 1265 958 1324 confessio
982 1269 1148 1337 praecurrat
1173 1266 1361 1333 humanust

770 1355 835 1397 eum
851 1340 981 1395 volumus
1005 1335 1120 1395 Christo
1144 1336 1219 1407 lrni,
1237 1352 1303 1395 eum
1327 1351 1362 1393 re·

769 1411 896 1469 nientem
911 1410 1116 1483 anticipemus,
1128 1426 1192 1468 uon
1206 1416 1363 1483 exspectan·

770 1488 813 1542 tes
840 1484 916 1555 quod
940 1482 1000 1554 ipse
1027 1481 1115 1538 nobis
1143 1482 1364 1549 condescendat,

771 1557 821 1615 sod
844 1571 897 1612 nos
920 1553 1015 1629 polius
1034 1552 1071 1610 ad
1099 1570 1172 1612 eum
1191 1554 1364 1613 festinemus.

808 1630 985 1695 cruentius,
1014 1643 1155 1684 renssrro
1186 1645 1225 1684 rer
1251 1642 1366 1685 samu

772 1703 891 1760 Cnmsrr.
913 1730 948 1742 -
963 1702 1041 1756 lesus
1067 1715 1148 1768 erqo,
1170 1706 1207 1756 ut
1228 1702 1365 1757 aristereon

769 1777 937 1847 plorantem,
966 1771 1074 1828 scilicet
1102 1771 1250 1843 Mariam,
1271 1778 1297 1829 el
1325 1775 1366 1829 le·

772 1848 853 1914 oleos,
869 1848 921 1917 qui
942 1848 1073 1901 seaeant
1094 1860 1161 1901 eum
1181 1862 1219 1901 eo
1235 1847 1367 1918 plor-oeteo

772 1920 807 1976 de
824 1925 916 1975 morte
929 1915 1024 1986 amici,
1039 1917 1200 1983 infremuit
1216 1921 1323 1992 spiritu
1345 1920 1366 1972 ct

772 1991 897 2048 turbauit
920 1992 1050 2062 seipsum,
1064 1988 1240 2048 humanum
1265 1990 1368 2048 demon·

773 2061 1014 2120 stransalloctum
1037 2059 1067 2117 in
1092 2061 1182 2119 luctu
1205 2063 1365 2121 amicorum

772 2136 934 2203 Fremebat,
944 2139 1023 2191 extra
1035 2148 1143 2191 sonum
1154 2133 1291 2211 lugentis
1299 2133 1366 2193 emh·

772 2212 854 2277 tens3
883 2208 1053 2264 turbabatur
1082 2204 1195 2278 intus,
1232 2208 1363 2266 miseriam

773 2278 946 2338 conditionis
990 2278 1127 2335 humanm
1166 2281 1362 2339 considerans.

773 2352 909 2411 Turbavlt
927 2368 969 2421 se,
981 2366 1065 2423 quem
1080 2349 1160 2409 alius
1177 2354 1300 2412 turbare
1311 2365 1360 2408 non

773 2425 874 2509 potuit.
890 2427 946 2481 Nos
961 2424 1113 2481 turbamur
1129 2440 1165 2481 ex
1187 2424 1356 2487 necesitate.

774 2515 834 2572 ipse
852 2502 948 2555 autem
968 2513 1001 2553 ex
1019 2495 1183 2554 voluntate.
1206 2499 1258 2557 Sic
1275 2508 1361 2563 omnes

774 2572 899 2628 delectus
912 2567 1111 2641 hujuscemodi
1133 2574 1291 2647 suscepit,
1306 2567 1362 2699 Ἓι

773 2641 873 2699 voluit.
892 2643 971 2698 Unde
992 2641 1177 2709 Augustinus
1199 2664 1209 2700 :
1229 2664 1244 2699 o
1266 2646 1321 2701 Tur
1354 2668 1366 2685 ·

773 2720 819 2772 tus
832 2713 1022 2783 estChristus,
1032 2711 1099 2784 qnia
1110 2714 1209 2772 voluit
1224 2733 1233 2786 ;
1248 2715 1366 2783 esurivit,

775 2789 841 2861 quia
860 2785 969 2854 voluit,
990 2785 1019 2842 iu
1038 2783 1115 2841 illius
1137 2793 1293 2859 potestate
1317 2790 1369 2844 erat

777 2860 818 2917 sie
834 2859 877 2916 vel
895 2858 936 2914 sie
954 2857 1041 2927 allici,
1057 2856 1102 2914 rel
1119 2874 1181 2915 non
1209 2860 1369 2918 ellinhilt

779 2938 846 2990 nota
856 2931 933 3003 quod
946 2928 1076 2986 fremitus
1087 2933 1245 3005 consurgit
1256 2949 1290 2990 ex
1303 2929 1370 2989 ludi·

778 3005 913 3077 gnationo
931 3003 968 3059 ad
982 3003 1136 3074 obJectum.
1153 3005 1216 3062 Iste
1238 3021 1309 3078 ergo
1321 3005 1369 3061 he·

778 3077 864 3134 mitus
881 3073 985 3132 Christi
999 3075 1175 3147 procedebat
1192 3093 1229 3134 ex
1246 3077 1370 3151 indigns·

778 3149 856 3206 tlono
885 3148 947 3219 ejus
959 3152 1059 3204 contra
1074 3145 1242 3221 diabolum,
1257 3167 1311 3222 per
1324 3164 1371 3206 eu·

776 3223 823 3295 jus
851 3218 1061 3293 suggestionem
1088 3235 1167 3276 mors
1200 3221 1324 3279 intrarit
1347 3220 1371 3277 io

779 3293 928 3361 mundum,
949 3307 1033 3374 quem
1053 3298 1116 3349 erat
1135 3292 1195 3349 cito
1216 3293 1372 3352 debellatu-

780 3381 838 3422 rus.
854 3365 989 3421 Turbatro
1013 3369 1110 3421 autem
1134 3363 1187 3421 illa
1202 3366 1375 3440 precedebat

780 3454 814 3495 ox
842 3434 1038 3519 compassione
1067 3436 1164 3493 Lazari
1185 3444 1217 3495 et
1247 3451 1375 3496 sororum

781 3512 854 3583 ejus,
870 3525 937 3582 qura
950 3513 982 3565 ut
996 3525 1080 3566 verus
1098 3510 1186 3566 homo
1206 3526 1241 3568 ex
1256 3513 1377 3584 quadam

782 3580 906 3639 naturali
922 3579 1075 3638 allectione
1092 3582 1184 3638 flebat
1198 3598 1269 3640 cnm
1286 3581 1375 3641 henli·

782 3655 847 3723 bus,
864 3661 894 3710 ut
914 3669 967 3711 nos
989 3655 1145 3711 instrueret
1160 3655 1242 3727 quod
1257 3655 1376 3713 aliorum

783 3725 907 3783 miseriis
928 3725 1051 3800 compati
1076 3726 1227 3784 debemus.
1246 3730 1317 3787 lstae
1337 3733 1376 3785 ta·

783 3815 850 3855 men
880 3798 1029 3882 passiones
1060 3802 1089 3855 et
1118 3797 1290 3857 consimiles
1322 3814 1375 3858 non

783 3878 867 3927 erant
884 3887 914 3927 m
931 3870 1043 3928 Christo
1067 3869 1186 3942 vitiosae,
1213 3872 1267 3930 sed
1289 3870 1375 3947 mag'r

784 3943 927 4013 virtuosae,
951 3942 1019 4016 quia
1043 3959 1101 4000 non
1126 3949 1210 4001 erant
1237 3945 1373 4018 praesent·

784 4020 864 4072 entes
889 4014 1029 4088 Judicium
1054 4016 1185 4085 rationis,
1208 4018 1260 4074 sed
1286 4015 1372 4089 magis

784 4096 936 4163 sequentes
949 4093 978 4144 ct
989 4105 1041 4161 per
1055 4089 1148 4162 ipsum
1163 4088 1308 4148 excitatae.
1323 4094 1372 4148 lste

784 4176 851 4217 vero
878 4159 1008 4218 fremitus
1036 4166 1065 4217 et
1090 4164 1149 4217 haee
1171 4162 1301 4220 turbatio
1322 4176 1369 4221 uos

784 4232 876 4299 docet,
899 4233 966 4304 quid
988 4249 1040 4289 nos
1064 4249 1178 4307 quoque
1203 4232 1235 4291 in
1260 4234 1312 4293 tall
1340 4249 1368 4291 re
