<?xml version="1.0" encoding="UTF-8"?>
<!DOCTYPE html PUBLIC "-//W3C//DTD XHTML 1.0 Transitional//EN"
    "http://www.w3.org/TR/xhtml1/DTD/xhtml1-transitional.dtd">
<html xmlns="http://www.w3.org/1999/xhtml" xml:lang="en" lang="en">
 <head>
  <title>
</title>
<meta http-equiv="Content-Type" content="text/html;charset=utf-8" />
  <meta name='ocr-system' content='tesseract 3.04.00' />
  <meta name='ocr-capabilities' content='ocr_page ocr_carea ocr_par ocr_line ocrx_word'/>
</head>
<body>
  <div class='ocr_page' id='page_1' title='image "./vitajesuchristi01ludogoog_0104.png"; bbox 0 0 2820 4928; ppageno 0'>
   <div class='ocr_carea' id='block_1_1' title="bbox 519 360 1325 416">
    <p class='ocr_par' dir='ltr' id='par_1_1' title="bbox 519 360 1325 416">
     <span class='ocr_line' id='line_1_1' title="bbox 519 360 1325 416; baseline 0.002 -3"><span class='ocrx_word' id='word_1_1' title='bbox 519 360 558 414; x_wconf 79' lang='lat' dir='ltr'><strong>llll</strong></span> <span class='ocrx_word' id='word_1_2' title='bbox 585 360 732 416; x_wconf 72' lang='lat' dir='ltr'><strong>detnato</strong></span> <span class='ocrx_word' id='word_1_3' title='bbox 760 361 898 415; x_wconf 73' lang='lat' dir='ltr'><strong>stultu.</strong></span> <span class='ocrx_word' id='word_1_4' title='bbox 1295 364 1325 416; x_wconf 79' lang='grc'><strong>93</strong></span> 
     </span>
    </p>
   </div>
   <div class='ocr_carea' id='block_1_2' title="bbox 83 468 684 4402">
    <p class='ocr_par' dir='ltr' id='par_1_2' title="bbox 83 468 682 2670">
     <span class='ocr_line' id='line_1_2' title="bbox 84 468 671 543; baseline -0.007 -14"><span class='ocrx_word' id='word_1_5' title='bbox 84 471 233 543; x_wconf 81' lang='lat' dir='ltr'><strong>praesenti,</strong></span> <span class='ocrx_word' id='word_1_6' title='bbox 242 470 359 528; x_wconf 91' lang='lat' dir='ltr'><strong>similari</strong></span> <span class='ocrx_word' id='word_1_7' title='bbox 367 472 460 541; x_wconf 89' lang='lat' dir='ltr'><strong>potest</strong></span> <span class='ocrx_word' id='word_1_8' title='bbox 469 468 585 540; x_wconf 85' lang='lat' dir='ltr'><strong>negotio</strong></span> <span class='ocrx_word' id='word_1_9' title='bbox 596 468 671 540; x_wconf 83' lang='lat' dir='ltr'><strong>quod</strong></span> 
     </span>
     <span class='ocr_line' id='line_1_3' title="bbox 83 540 673 616; baseline -0.003 -17"><span class='ocrx_word' id='word_1_10' title='bbox 83 547 122 601; x_wconf 88' lang='lat' dir='ltr'><strong>ab</strong></span> <span class='ocrx_word' id='word_1_11' title='bbox 143 543 261 600; x_wconf 69' lang='lat' dir='ltr'><strong>homine</strong></span> <span class='ocrx_word' id='word_1_12' title='bbox 278 540 480 616; x_wconf 77' lang='lat' dir='ltr'><strong>patrefamilias</strong></span> <span class='ocrx_word' id='word_1_13' title='bbox 502 543 673 612; x_wconf 75' lang='lat' dir='ltr'>quandoque</span> 
     </span>
     <span class='ocr_line' id='line_1_4' title="bbox 87 611 672 686; baseline -0.005 -16"><span class='ocrx_word' id='word_1_14' title='bbox 87 617 131 683; x_wconf 87' lang='lat' dir='ltr'><strong>tit,</strong></span> <span class='ocrx_word' id='word_1_15' title='bbox 144 619 193 686; x_wconf 79' lang='lat' dir='ltr'><strong>qui</strong></span> <span class='ocrx_word' id='word_1_16' title='bbox 205 619 275 670; x_wconf 77' lang='lat' dir='ltr'><strong>exiit</strong></span> <span class='ocrx_word' id='word_1_17' title='bbox 288 630 337 684; x_wconf 89' lang='lat' dir='ltr'><strong>per</strong></span> <span class='ocrx_word' id='word_1_18' title='bbox 349 612 391 669; x_wconf 92' lang='lat' dir='ltr'><strong>sui</strong></span> <span class='ocrx_word' id='word_1_19' title='bbox 404 611 672 679; x_wconf 70' lang='lat' dir='ltr'><strong>manifestationem,</strong></span> 
     </span>
     <span class='ocr_line' id='line_1_5' title="bbox 87 684 672 743; baseline -0.007 0"><span class='ocrx_word' id='word_1_20' title='bbox 87 694 117 743; x_wconf 90' lang='lat' dir='ltr'><strong>cl</strong></span> <span class='ocrx_word' id='word_1_21' title='bbox 132 704 191 743; x_wconf 78' lang='lat' dir='ltr'><strong>sum</strong></span> <span class='ocrx_word' id='word_1_22' title='bbox 207 684 583 742; x_wconf 76' lang='lat' dir='ltr'><strong>bonitatisditlusionemtut</strong></span> <span class='ocrx_word' id='word_1_23' title='bbox 596 684 672 740; x_wconf 90' lang='lat' dir='ltr'><strong>euim</strong></span> 
     </span>
     <span class='ocr_line' id='line_1_6' title="bbox 89 756 673 828; baseline -0.005 -15"><span class='ocrx_word' id='word_1_24' title='bbox 89 757 160 813; x_wconf 93' lang='lat' dir='ltr'><strong>dicit</strong></span> <span class='ocrx_word' id='word_1_25' title='bbox 176 760 332 827; x_wconf 78' lang='lat' dir='ltr'><strong>Gregorius,</strong></span> <span class='ocrx_word' id='word_1_26' title='bbox 352 756 466 828; x_wconf 80' lang='lat' dir='ltr'><strong>quarido</strong></span> <span class='ocrx_word' id='word_1_27' title='bbox 489 772 546 812; x_wconf 76' lang='lat' dir='ltr'><strong>nrrn</strong></span> <span class='ocrx_word' id='word_1_28' title='bbox 566 770 673 826; x_wconf 90' lang='lat' dir='ltr'><strong>cogno-</strong></span> 
     </span>
     <span class='ocr_line' id='line_1_7' title="bbox 90 827 674 898; baseline -0.005 -13"><span class='ocrx_word' id='word_1_29' title='bbox 90 830 187 897; x_wconf 89' lang='lat' dir='ltr'><strong>scitur,</strong></span> <span class='ocrx_word' id='word_1_30' title='bbox 207 830 234 886; x_wconf 93' lang='lat' dir='ltr'><strong>in</strong></span> <span class='ocrx_word' id='word_1_31' title='bbox 261 835 371 885; x_wconf 88' lang='lat' dir='ltr'><strong>secreto</strong></span> <span class='ocrx_word' id='word_1_32' title='bbox 393 833 450 896; x_wconf 88' lang='lat' dir='ltr'><strong>est;</strong></span> <span class='ocrx_word' id='word_1_33' title='bbox 467 827 582 898; x_wconf 88' lang='lat' dir='ltr'><strong>quando</strong></span> <span class='ocrx_word' id='word_1_34' title='bbox 605 842 674 882; x_wconf 79' lang='lat' dir='ltr'><strong>vero</strong></span> 
     </span>
     <span class='ocr_line' id='line_1_8' title="bbox 89 897 674 971; baseline -0.007 -15"><span class='ocrx_word' id='word_1_35' title='bbox 89 901 280 970; x_wconf 70' lang='lat' dir='ltr'><strong>cognoscitur,</strong></span> <span class='ocrx_word' id='word_1_36' title='bbox 300 902 335 956; x_wconf 92' lang='lat' dir='ltr'><strong>de</strong></span> <span class='ocrx_word' id='word_1_37' title='bbox 354 900 464 956; x_wconf 75' lang='lat' dir='ltr'><strong>occuito</strong></span> <span class='ocrx_word' id='word_1_38' title='bbox 484 897 613 971; x_wconf 80' lang='lat' dir='ltr'><strong>procedit</strong></span> <span class='ocrx_word' id='word_1_39' title='bbox 638 898 674 953; x_wconf 89' lang='lat' dir='ltr'><strong>ad</strong></span> 
     </span>
     <span class='ocr_line' id='line_1_9' title="bbox 87 967 674 1045; baseline -0.007 -17"><span class='ocrx_word' id='word_1_40' title='bbox 87 972 230 1039; x_wconf 84' lang='lat' dir='ltr'><strong>notitinm;</strong></span> <span class='ocrx_word' id='word_1_41' title='bbox 246 990 280 1029; x_wconf 88' lang='lat' dir='ltr'><strong>co</strong></span> <span class='ocrx_word' id='word_1_42' title='bbox 306 988 375 1045; x_wconf 84' lang='lat' dir='ltr'><strong>crgo</strong></span> <span class='ocrx_word' id='word_1_43' title='bbox 394 969 572 1043; x_wconf 79' lang='lat' dir='ltr'><strong>frequentius</strong></span> <span class='ocrx_word' id='word_1_44' title='bbox 595 967 674 1035; x_wconf 71' lang='lat' dir='ltr'><strong>exiit,</strong></span> 
     </span>
     <span class='ocr_line' id='line_1_10' title="bbox 87 1041 676 1116; baseline -0.007 -17"><span class='ocrx_word' id='word_1_45' title='bbox 87 1060 143 1116; x_wconf 89' lang='lat' dir='ltr'><strong>quo</strong></span> <span class='ocrx_word' id='word_1_46' title='bbox 169 1045 290 1116; x_wconf 87' lang='lat' dir='ltr'><strong>amplios</strong></span> <span class='ocrx_word' id='word_1_47' title='bbox 318 1042 451 1099; x_wconf 81' lang='lat' dir='ltr'><strong>notitiam</strong></span> <span class='ocrx_word' id='word_1_48' title='bbox 477 1041 566 1098; x_wconf 85' lang='lat' dir='ltr'><strong>dedit.</strong></span> <span class='ocrx_word' id='word_1_49' title='bbox 596 1044 676 1096; x_wconf 73' lang='lat' dir='ltr'><strong>Exiit</strong></span> 
     </span>
     <span class='ocr_line' id='line_1_11' title="bbox 87 1112 677 1197; baseline -0.008 -25"><span class='ocrx_word' id='word_1_50' title='bbox 87 1133 157 1187; x_wconf 83' lang='lat' dir='ltr'><strong>ergo</strong></span> <span class='ocrx_word' id='word_1_51' title='bbox 182 1120 273 1197; x_wconf 86' lang='lat' dir='ltr'><strong>primo</strong></span> <span class='ocrx_word' id='word_1_52' title='bbox 299 1131 390 1177; x_wconf 85' lang='lat' dir='ltr'><strong>mune,</strong></span> <span class='ocrx_word' id='word_1_53' title='bbox 406 1114 436 1169; x_wconf 96' lang='lat' dir='ltr'><strong>id</strong></span> <span class='ocrx_word' id='word_1_54' title='bbox 461 1118 504 1169; x_wconf 90' lang='lat' dir='ltr'><strong>est</strong></span> <span class='ocrx_word' id='word_1_55' title='bbox 530 1112 560 1168; x_wconf 91' lang='lat' dir='ltr'><strong>in</strong></span> <span class='ocrx_word' id='word_1_56' title='bbox 586 1113 677 1183; x_wconf 90' lang='lat' dir='ltr'><strong>prima</strong></span> 
     </span>
     <span class='ocr_line' id='line_1_12' title="bbox 88 1185 679 1255; baseline -0.008 -12"><span class='ocrx_word' id='word_1_57' title='bbox 88 1189 188 1243; x_wconf 79' lang='lat' dir='ltr'><strong>mundi</strong></span> <span class='ocrx_word' id='word_1_58' title='bbox 206 1185 420 1255; x_wconf 82' lang='lat' dir='ltr'><strong>aetatc,scilicet</strong></span> <span class='ocrx_word' id='word_1_59' title='bbox 433 1185 468 1241; x_wconf 87' lang='lat' dir='ltr'><strong>ab</strong></span> <span class='ocrx_word' id='word_1_60' title='bbox 482 1186 573 1240; x_wconf 78' lang='lat' dir='ltr'><strong>alan</strong></span> <span class='ocrx_word' id='word_1_61' title='bbox 589 1199 679 1254; x_wconf 75' lang='lat' dir='ltr'><strong>iuqrie</strong></span> 
     </span>
     <span class='ocr_line' id='line_1_13' title="bbox 90 1254 680 1327; baseline -0.008 -12"><span class='ocrx_word' id='word_1_62' title='bbox 90 1259 127 1315; x_wconf 91' lang='lat' dir='ltr'><strong>ad</strong></span> <span class='ocrx_word' id='word_1_63' title='bbox 154 1261 224 1322; x_wconf 77' lang='lat' dir='ltr'><strong>Noe,</strong></span> <span class='ocrx_word' id='word_1_64' title='bbox 243 1259 391 1314; x_wconf 84' lang='lat' dir='ltr'><strong>conducere</strong></span> <span class='ocrx_word' id='word_1_65' title='bbox 415 1259 566 1327; x_wconf 85' lang='lat' dir='ltr'><strong>operarios,</strong></span> <span class='ocrx_word' id='word_1_66' title='bbox 583 1254 612 1310; x_wconf 93' lang='lat' dir='ltr'><strong>id</strong></span> <span class='ocrx_word' id='word_1_67' title='bbox 637 1260 680 1310; x_wconf 90' lang='lat' dir='ltr'><strong>est</strong></span> 
     </span>
     <span class='ocr_line' id='line_1_14' title="bbox 89 1325 681 1400; baseline -0.007 -15"><span class='ocrx_word' id='word_1_68' title='bbox 89 1330 186 1400; x_wconf 84' lang='lat' dir='ltr'><strong>justos</strong></span> <span class='ocrx_word' id='word_1_69' title='bbox 196 1327 223 1384; x_wconf 88' lang='lat' dir='ltr'><strong>ei</strong></span> <span class='ocrx_word' id='word_1_70' title='bbox 235 1328 403 1391; x_wconf 74' lang='lat' dir='ltr'><strong>servientes,</strong></span> <span class='ocrx_word' id='word_1_71' title='bbox 411 1342 513 1383; x_wconf 90' lang='lat' dir='ltr'><strong>nomen</strong></span> <span class='ocrx_word' id='word_1_72' title='bbox 525 1343 608 1384; x_wconf 90' lang='lat' dir='ltr'><strong>suom</strong></span> <span class='ocrx_word' id='word_1_73' title='bbox 618 1325 681 1382; x_wconf 88' lang='lat' dir='ltr'><strong>aliis</strong></span> 
     </span>
     <span class='ocr_line' id='line_1_15' title="bbox 94 1397 680 1467; baseline -0.003 -12"><span class='ocrx_word' id='word_1_74' title='bbox 94 1401 325 1467; x_wconf 78' lang='lat' dir='ltr'><strong>manifestantes,</strong></span> <span class='ocrx_word' id='word_1_75' title='bbox 337 1402 367 1454; x_wconf 86' lang='lat' dir='ltr'><strong>iu</strong></span> <span class='ocrx_word' id='word_1_76' title='bbox 377 1402 485 1454; x_wconf 82' lang='lat' dir='ltr'><strong>cineum</strong></span> <span class='ocrx_word' id='word_1_77' title='bbox 497 1414 587 1466; x_wconf 82' lang='lat' dir='ltr'><strong>sunm,</strong></span> <span class='ocrx_word' id='word_1_78' title='bbox 599 1397 627 1453; x_wconf 92' lang='lat' dir='ltr'><strong>id</strong></span> <span class='ocrx_word' id='word_1_79' title='bbox 639 1401 680 1453; x_wconf 92' lang='lat' dir='ltr'><strong>est</strong></span> 
     </span>
     <span class='ocr_line' id='line_1_16' title="bbox 92 1468 679 1541; baseline -0.005 -15"><span class='ocrx_word' id='word_1_80' title='bbox 92 1471 123 1526; x_wconf 93' lang='lat' dir='ltr'><strong>in</strong></span> <span class='ocrx_word' id='word_1_81' title='bbox 145 1470 302 1528; x_wconf 84' lang='lat' dir='ltr'><strong>Ecclesiam</strong></span> <span class='ocrx_word' id='word_1_82' title='bbox 318 1470 496 1537; x_wconf 79' lang='lat' dir='ltr'><strong>militantem,</strong></span> <span class='ocrx_word' id='word_1_83' title='bbox 510 1470 589 1540; x_wconf 81' lang='lat' dir='ltr'><strong>cujus</strong></span> <span class='ocrx_word' id='word_1_84' title='bbox 618 1468 679 1541; x_wconf 92' lang='lat' dir='ltr'><strong>pal·</strong></span> 
     </span>
     <span class='ocr_line' id='line_1_17' title="bbox 90 1541 680 1615; baseline -0.003 -17"><span class='ocrx_word' id='word_1_85' title='bbox 90 1546 179 1598; x_wconf 88' lang='lat' dir='ltr'><strong>mites</strong></span> <span class='ocrx_word' id='word_1_86' title='bbox 199 1549 265 1599; x_wconf 82' lang='lat' dir='ltr'><strong>sunt</strong></span> <span class='ocrx_word' id='word_1_87' title='bbox 276 1542 346 1615; x_wconf 89' lang='lat' dir='ltr'><strong>justi</strong></span> <span class='ocrx_word' id='word_1_88' title='bbox 367 1541 489 1609; x_wconf 86' lang='lat' dir='ltr'><strong>aprime</strong></span> <span class='ocrx_word' id='word_1_89' title='bbox 505 1541 574 1597; x_wconf 77' lang='lat' dir='ltr'><strong>noel</strong></span> <span class='ocrx_word' id='word_1_90' title='bbox 591 1556 680 1612; x_wconf 86' lang='lat' dir='ltr'><strong>usque</strong></span> 
     </span>
     <span class='ocr_line' id='line_1_18' title="bbox 86 1613 679 1681; baseline -0.005 -11"><span class='ocrx_word' id='word_1_91' title='bbox 86 1616 123 1670; x_wconf 89' lang='lat' dir='ltr'><strong>ad</strong></span> <span class='ocrx_word' id='word_1_92' title='bbox 146 1614 277 1671; x_wconf 90' lang='lat' dir='ltr'><strong>ultimum</strong></span> <span class='ocrx_word' id='word_1_93' title='bbox 297 1616 428 1670; x_wconf 89' lang='lat' dir='ltr'><strong>electum.</strong></span> <span class='ocrx_word' id='word_1_94' title='bbox 447 1613 506 1681; x_wconf 87' lang='lat' dir='ltr'><strong>Vel,</strong></span> <span class='ocrx_word' id='word_1_95' title='bbox 522 1615 679 1669; x_wconf 88' lang='lat' dir='ltr'><strong>secundum</strong></span> 
     </span>
     <span class='ocr_line' id='line_1_19' title="bbox 86 1683 680 1755; baseline -0.008 -11"><span class='ocrx_word' id='word_1_96' title='bbox 86 1687 325 1755; x_wconf 70' lang='lat' dir='ltr'><strong>chrysostomum,</strong></span> <span class='ocrx_word' id='word_1_97' title='bbox 349 1685 510 1742; x_wconf 89' lang='lat' dir='ltr'><strong>conducere</strong></span> <span class='ocrx_word' id='word_1_98' title='bbox 531 1683 680 1754; x_wconf 84' lang='lat' dir='ltr'><strong>operarios</strong></span> 
     </span>
     <span class='ocr_line' id='line_1_20' title="bbox 87 1755 680 1826; baseline -0.005 -12"><span class='ocrx_word' id='word_1_99' title='bbox 87 1761 116 1814; x_wconf 93' lang='lat' dir='ltr'><strong>in</strong></span> <span class='ocrx_word' id='word_1_100' title='bbox 148 1757 260 1814; x_wconf 81' lang='lat' dir='ltr'><strong>vineam</strong></span> <span class='ocrx_word' id='word_1_101' title='bbox 289 1773 381 1819; x_wconf 82' lang='lat' dir='ltr'><strong>suam,</strong></span> <span class='ocrx_word' id='word_1_102' title='bbox 400 1759 426 1812; x_wconf 90' lang='lat' dir='ltr'><strong>id</strong></span> <span class='ocrx_word' id='word_1_103' title='bbox 455 1758 499 1812; x_wconf 87' lang='lat' dir='ltr'><strong>est</strong></span> <span class='ocrx_word' id='word_1_104' title='bbox 527 1755 680 1826; x_wconf 77' lang='lat' dir='ltr'><strong>aenarirere</strong></span> 
     </span>
     <span class='ocr_line' id='line_1_21' title="bbox 88 1827 677 1898; baseline -0.007 -13"><span class='ocrx_word' id='word_1_105' title='bbox 88 1835 168 1886; x_wconf 83' lang='lat' dir='ltr'><strong>recte</strong></span> <span class='ocrx_word' id='word_1_106' title='bbox 186 1828 314 1885; x_wconf 75' lang='lat' dir='ltr'><strong>viventes</strong></span> <span class='ocrx_word' id='word_1_107' title='bbox 333 1827 362 1885; x_wconf 95' lang='lat' dir='ltr'><strong>in</strong></span> <span class='ocrx_word' id='word_1_108' title='bbox 380 1827 516 1896; x_wconf 71' lang='lat' dir='ltr'><strong>opreribus</strong></span> <span class='ocrx_word' id='word_1_109' title='bbox 531 1827 677 1898; x_wconf 77' lang='lat' dir='ltr'><strong>justitia:</strong></span> 
     </span>
     <span class='ocr_line' id='line_1_22' title="bbox 89 1897 681 1971; baseline -0.007 -15"><span class='ocrx_word' id='word_1_110' title='bbox 89 1908 120 1956; x_wconf 90' lang='lat' dir='ltr'><strong>et</strong></span> <span class='ocrx_word' id='word_1_111' title='bbox 141 1902 183 1956; x_wconf 88' lang='lat' dir='ltr'><strong>sic</strong></span> <span class='ocrx_word' id='word_1_112' title='bbox 201 1899 311 1971; x_wconf 84' lang='lat' dir='ltr'><strong>justitia</strong></span> <span class='ocrx_word' id='word_1_113' title='bbox 332 1904 376 1956; x_wconf 91' lang='lat' dir='ltr'><strong>est</strong></span> <span class='ocrx_word' id='word_1_114' title='bbox 392 1899 487 1965; x_wconf 88' lang='lat' dir='ltr'><strong>vinca,</strong></span> <span class='ocrx_word' id='word_1_115' title='bbox 503 1904 531 1954; x_wconf 84' lang='lat' dir='ltr'><strong>et</strong></span> <span class='ocrx_word' id='word_1_116' title='bbox 551 1897 681 1964; x_wconf 88' lang='lat' dir='ltr'><strong>palmites</strong></span> 
     </span>
     <span class='ocr_line' id='line_1_23' title="bbox 92 1970 680 2037; baseline -0.009 -9"><span class='ocrx_word' id='word_1_117' title='bbox 92 1970 680 2037; x_wconf 80' lang='lat' dir='ltr'><strong>suntsirtutes.l&#39;el,secundumitusitium,</strong></span> 
     </span>
     <span class='ocr_line' id='line_1_24' title="bbox 95 2040 682 2116; baseline -0.005 -17"><span class='ocrx_word' id='word_1_118' title='bbox 95 2059 149 2116; x_wconf 93' lang='lat' dir='ltr'><strong>per</strong></span> <span class='ocrx_word' id='word_1_119' title='bbox 169 2045 281 2099; x_wconf 84' lang='lat' dir='ltr'><strong>vineam</strong></span> <span class='ocrx_word' id='word_1_120' title='bbox 302 2042 398 2099; x_wconf 90' lang='lat' dir='ltr'><strong>anima</strong></span> <span class='ocrx_word' id='word_1_121' title='bbox 425 2058 484 2098; x_wconf 80' lang='lat' dir='ltr'><strong>sive</strong></span> <span class='ocrx_word' id='word_1_122' title='bbox 507 2040 682 2098; x_wconf 86' lang='lat' dir='ltr'><strong>conscientia</strong></span> 
     </span>
     <span class='ocr_line' id='line_1_25' title="bbox 94 2113 681 2186; baseline -0.003 -17"><span class='ocrx_word' id='word_1_123' title='bbox 94 2113 284 2186; x_wconf 85' lang='lat' dir='ltr'><strong>significatur,</strong></span> <span class='ocrx_word' id='word_1_124' title='bbox 299 2114 330 2171; x_wconf 93' lang='lat' dir='ltr'><strong>in</strong></span> <span class='ocrx_word' id='word_1_125' title='bbox 346 2130 402 2185; x_wconf 87' lang='lat' dir='ltr'><strong>qua</strong></span> <span class='ocrx_word' id='word_1_126' title='bbox 421 2113 612 2169; x_wconf 89' lang='lat' dir='ltr'><strong>laborandum</strong></span> <span class='ocrx_word' id='word_1_127' title='bbox 626 2117 681 2179; x_wconf 85' lang='lat' dir='ltr'><strong>est,</strong></span> 
     </span>
     <span class='ocr_line' id='line_1_26' title="bbox 93 2183 682 2269; baseline -0.008 -25"><span class='ocrx_word' id='word_1_128' title='bbox 93 2194 125 2244; x_wconf 93' lang='lat' dir='ltr'><strong>ut</strong></span> <span class='ocrx_word' id='word_1_129' title='bbox 148 2192 329 2269; x_wconf 84' lang='lat' dir='ltr'><strong>amputemus</strong></span> <span class='ocrx_word' id='word_1_130' title='bbox 351 2185 483 2257; x_wconf 87' lang='lat' dir='ltr'><strong>palmites</strong></span> <span class='ocrx_word' id='word_1_131' title='bbox 508 2183 682 2241; x_wconf 77' lang='lat' dir='ltr'><strong>luxuriantes</strong></span> 
     </span>
     <span class='ocr_line' id='line_1_27' title="bbox 90 2255 681 2330; baseline -0.005 -16"><span class='ocrx_word' id='word_1_132' title='bbox 90 2261 217 2315; x_wconf 84' lang='lat' dir='ltr'><strong>carnalis</strong></span> <span class='ocrx_word' id='word_1_133' title='bbox 230 2256 483 2330; x_wconf 83' lang='lat' dir='ltr'><strong>concupiscentiae3</strong></span> <span class='ocrx_word' id='word_1_134' title='bbox 497 2255 681 2328; x_wconf 76' lang='lat' dir='ltr'><strong>projiciamus</strong></span> 
     </span>
     <span class='ocr_line' id='line_1_28' title="bbox 88 2327 681 2402; baseline -0.003 -17"><span class='ocrx_word' id='word_1_135' title='bbox 88 2328 201 2402; x_wconf 87' lang='lat' dir='ltr'><strong>lapides</strong></span> <span class='ocrx_word' id='word_1_136' title='bbox 234 2328 396 2401; x_wconf 79' lang='lat' dir='ltr'><strong>superbiae,</strong></span> <span class='ocrx_word' id='word_1_137' title='bbox 428 2336 457 2384; x_wconf 88' lang='lat' dir='ltr'><strong>et</strong></span> <span class='ocrx_word' id='word_1_138' title='bbox 491 2327 681 2399; x_wconf 86' lang='lat' dir='ltr'><strong>exstirpemus</strong></span> 
     </span>
     <span class='ocr_line' id='line_1_29' title="bbox 91 2398 681 2472; baseline -0.007 -15"><span class='ocrx_word' id='word_1_139' title='bbox 91 2401 191 2472; x_wconf 91' lang='lat' dir='ltr'><strong>spinas</strong></span> <span class='ocrx_word' id='word_1_140' title='bbox 218 2399 357 2458; x_wconf 86' lang='lat' dir='ltr'><strong>avaritiae.</strong></span> <span class='ocrx_word' id='word_1_141' title='bbox 381 2402 435 2457; x_wconf 89' lang='lat' dir='ltr'><strong>Per</strong></span> <span class='ocrx_word' id='word_1_142' title='bbox 453 2398 566 2455; x_wconf 74' lang='lat' dir='ltr'><strong>vitream</strong></span> <span class='ocrx_word' id='word_1_143' title='bbox 593 2399 681 2455; x_wconf 88' lang='lat' dir='ltr'><strong>etiarn</strong></span> 
     </span>
     <span class='ocr_line' id='line_1_30' title="bbox 92 2470 680 2545; baseline -0.003 -18"><span class='ocrx_word' id='word_1_144' title='bbox 92 2470 253 2544; x_wconf 89' lang='lat' dir='ltr'><strong>intelligere</strong></span> <span class='ocrx_word' id='word_1_145' title='bbox 266 2488 416 2545; x_wconf 82' lang='lat' dir='ltr'><strong>possumus</strong></span> <span class='ocrx_word' id='word_1_146' title='bbox 432 2470 638 2541; x_wconf 79' lang='lat' dir='ltr'><strong>poenitentiam,</strong></span> <span class='ocrx_word' id='word_1_147' title='bbox 650 2471 680 2525; x_wconf 93' lang='lat' dir='ltr'><strong>in</strong></span> 
     </span>
     <span class='ocr_line' id='line_1_31' title="bbox 94 2541 680 2670; baseline -0.005 -71"><span class='ocrx_word' id='word_1_148' title='bbox 94 2558 222 2670; x_wconf 61' lang='lat' dir='ltr'><strong>guaper</strong></span> <span class='ocrx_word' id='word_1_149' title='bbox 234 2541 362 2599; x_wconf 82' lang='lat' dir='ltr'><strong>diversas</strong></span> <span class='ocrx_word' id='word_1_150' title='bbox 374 2544 471 2609; x_wconf 89' lang='lat' dir='ltr'><strong>horas,</strong></span> <span class='ocrx_word' id='word_1_151' title='bbox 479 2541 602 2614; x_wconf 82' lang='lat' dir='ltr'><strong>operarii</strong></span> <span class='ocrx_word' id='word_1_152' title='bbox 612 2558 680 2597; x_wconf 92' lang='lat' dir='ltr'><strong>con-</strong></span> 
     </span>
    </p>

    <p class='ocr_par' dir='ltr' id='par_1_3' title="bbox 88 2612 684 4402">
     <span class='ocr_line' id='line_1_32' title="bbox 116 2612 679 2686; baseline -0.004 -16"><span class='ocrx_word' id='word_1_153' title='bbox 116 2621 250 2682; x_wconf 90' lang='lat' dir='ltr'><strong>ucuntur,</strong></span> <span class='ocrx_word' id='word_1_154' title='bbox 265 2616 331 2670; x_wconf 91' lang='lat' dir='ltr'><strong>dum</strong></span> <span class='ocrx_word' id='word_1_155' title='bbox 353 2614 401 2670; x_wconf 89' lang='lat' dir='ltr'><strong>atii</strong></span> <span class='ocrx_word' id='word_1_156' title='bbox 426 2613 454 2669; x_wconf 90' lang='lat' dir='ltr'><strong>in</strong></span> <span class='ocrx_word' id='word_1_157' title='bbox 481 2613 613 2686; x_wconf 87' lang='lat' dir='ltr'><strong>pueritia,</strong></span> <span class='ocrx_word' id='word_1_158' title='bbox 631 2612 679 2669; x_wconf 91' lang='lat' dir='ltr'><strong>alii</strong></span> 
     </span>
     <span class='ocr_line' id='line_1_33' title="bbox 93 2685 681 2758; baseline -0.003 -16"><span class='ocrx_word' id='word_1_159' title='bbox 93 2686 123 2742; x_wconf 92' lang='lat' dir='ltr'><strong>in</strong></span> <span class='ocrx_word' id='word_1_160' title='bbox 133 2687 294 2758; x_wconf 81' lang='lat' dir='ltr'><strong>Juventute,</strong></span> <span class='ocrx_word' id='word_1_161' title='bbox 304 2685 352 2742; x_wconf 92' lang='lat' dir='ltr'><strong>alii</strong></span> <span class='ocrx_word' id='word_1_162' title='bbox 367 2688 393 2741; x_wconf 93' lang='lat' dir='ltr'><strong>in</strong></span> <span class='ocrx_word' id='word_1_163' title='bbox 405 2690 551 2741; x_wconf 89' lang='lat' dir='ltr'><strong>senectute</strong></span> <span class='ocrx_word' id='word_1_164' title='bbox 562 2701 681 2742; x_wconf 82' lang='lat' dir='ltr'><strong>conver·</strong></span> 
     </span>
     <span class='ocr_line' id='line_1_34' title="bbox 90 2757 681 2831; baseline -0.003 -18"><span class='ocrx_word' id='word_1_165' title='bbox 90 2764 199 2815; x_wconf 90' lang='lat' dir='ltr'><strong>tuntur.</strong></span> <span class='ocrx_word' id='word_1_166' title='bbox 215 2759 289 2831; x_wconf 81' lang='lat' dir='ltr'><strong>Ergo</strong></span> <span class='ocrx_word' id='word_1_167' title='bbox 299 2758 516 2829; x_wconf 66' lang='lat' dir='ltr'><strong>paterfamilias,</strong></span> <span class='ocrx_word' id='word_1_168' title='bbox 526 2772 577 2829; x_wconf 91' lang='lat' dir='ltr'><strong>per</strong></span> <span class='ocrx_word' id='word_1_169' title='bbox 591 2757 681 2813; x_wconf 91' lang='lat' dir='ltr'><strong>dorni·</strong></span> 
     </span>
     <span class='ocr_line' id='line_1_35' title="bbox 89 2828 678 2901; baseline -0.003 -16"><span class='ocrx_word' id='word_1_170' title='bbox 89 2828 678 2901; x_wconf 84' lang='lat' dir='ltr'><strong>nationem;eciit,permanilestationcm;</strong></span> 
     </span>
     <span class='ocr_line' id='line_1_36' title="bbox 89 2898 682 2973; baseline -0.005 -16"><span class='ocrx_word' id='word_1_171' title='bbox 89 2902 249 2966; x_wconf 85' lang='lat' dir='ltr'><strong>conducere,</strong></span> <span class='ocrx_word' id='word_1_172' title='bbox 261 2917 314 2973; x_wconf 88' lang='lat' dir='ltr'><strong>per</strong></span> <span class='ocrx_word' id='word_1_173' title='bbox 328 2899 514 2972; x_wconf 76' lang='lat' dir='ltr'><strong>multiplicem</strong></span> <span class='ocrx_word' id='word_1_174' title='bbox 541 2898 682 2955; x_wconf 86' lang='lat' dir='ltr'><strong>inritatio·</strong></span> 
     </span>
     <span class='ocr_line' id='line_1_37' title="bbox 92 2972 681 3054; baseline -0.008 -26"><span class='ocrx_word' id='word_1_175' title='bbox 92 2987 178 3039; x_wconf 80' lang='lat' dir='ltr'><strong>nem3</strong></span> <span class='ocrx_word' id='word_1_176' title='bbox 193 2988 345 3054; x_wconf 81' lang='lat' dir='ltr'><strong>operarios,</strong></span> <span class='ocrx_word' id='word_1_177' title='bbox 368 2988 425 3027; x_wconf 93' lang='lat' dir='ltr'><strong>non</strong></span> <span class='ocrx_word' id='word_1_178' title='bbox 444 2977 554 3027; x_wconf 86' lang='lat' dir='ltr'><strong>tantum</strong></span> <span class='ocrx_word' id='word_1_179' title='bbox 570 2972 681 3027; x_wconf 87' lang='lat' dir='ltr'><strong>locuto·</strong></span> 
     </span>
     <span class='ocr_line' id='line_1_38' title="bbox 92 3039 679 3114; baseline -0.009 -16"><span class='ocrx_word' id='word_1_180' title='bbox 92 3058 153 3110; x_wconf 90' lang='lat' dir='ltr'><strong>res,</strong></span> <span class='ocrx_word' id='word_1_181' title='bbox 169 3057 236 3114; x_wconf 82' lang='lat' dir='ltr'><strong>quta</strong></span> <span class='ocrx_word' id='word_1_182' title='bbox 249 3042 351 3100; x_wconf 89' lang='lat' dir='ltr'><strong>metior</strong></span> <span class='ocrx_word' id='word_1_183' title='bbox 367 3049 409 3099; x_wconf 90' lang='lat' dir='ltr'><strong>est</strong></span> <span class='ocrx_word' id='word_1_184' title='bbox 424 3041 589 3114; x_wconf 76' lang='lat' dir='ltr'><strong>praedicatio</strong></span> <span class='ocrx_word' id='word_1_185' title='bbox 604 3039 679 3106; x_wconf 88' lang='lat' dir='ltr'><strong>tucti,</strong></span> 
     </span>
     <span class='ocr_line' id='line_1_39' title="bbox 95 3114 684 3193; baseline -0.007 -24"><span class='ocrx_word' id='word_1_186' title='bbox 95 3128 183 3185; x_wconf 83' lang='lat' dir='ltr'><strong>quam</strong></span> <span class='ocrx_word' id='word_1_187' title='bbox 211 3114 309 3181; x_wconf 84' lang='lat' dir='ltr'><strong>rerbi;</strong></span> <span class='ocrx_word' id='word_1_188' title='bbox 330 3117 360 3170; x_wconf 88' lang='lat' dir='ltr'><strong>in</strong></span> <span class='ocrx_word' id='word_1_189' title='bbox 387 3117 495 3170; x_wconf 80' lang='lat' dir='ltr'><strong>niueum</strong></span> <span class='ocrx_word' id='word_1_190' title='bbox 519 3129 610 3179; x_wconf 87' lang='lat' dir='ltr'><strong>suam,</strong></span> <span class='ocrx_word' id='word_1_191' title='bbox 632 3126 684 3193; x_wconf 91' lang='lat' dir='ltr'><strong>per</strong></span> 
     </span>
     <span class='ocr_line' id='line_1_40' title="bbox 93 3182 680 3256; baseline -0.007 -15"><span class='ocrx_word' id='word_1_192' title='bbox 93 3186 233 3241; x_wconf 89' lang='lat' dir='ltr'><strong>bonorum</strong></span> <span class='ocrx_word' id='word_1_193' title='bbox 260 3185 429 3242; x_wconf 89' lang='lat' dir='ltr'><strong>meritorum</strong></span> <span class='ocrx_word' id='word_1_194' title='bbox 459 3182 680 3256; x_wconf 80' lang='lat' dir='ltr'><strong>multiplicatio-</strong></span> 
     </span>
     <span class='ocr_line' id='line_1_41' title="bbox 92 3253 682 3329; baseline -0.003 -17"><span class='ocrx_word' id='word_1_195' title='bbox 92 3271 171 3312; x_wconf 89' lang='lat' dir='ltr'><strong>nem.</strong></span> <span class='ocrx_word' id='word_1_196' title='bbox 188 3255 234 3314; x_wconf 91' lang='lat' dir='ltr'><strong>Sic</strong></span> <span class='ocrx_word' id='word_1_197' title='bbox 250 3258 340 3314; x_wconf 85' lang='lat' dir='ltr'><strong>Adam</strong></span> <span class='ocrx_word' id='word_1_198' title='bbox 356 3257 450 3329; x_wconf 91' lang='lat' dir='ltr'><strong>primo</strong></span> <span class='ocrx_word' id='word_1_199' title='bbox 465 3262 575 3328; x_wconf 80' lang='lat' dir='ltr'><strong>positus</strong></span> <span class='ocrx_word' id='word_1_200' title='bbox 595 3261 638 3311; x_wconf 91' lang='lat' dir='ltr'><strong>est</strong></span> <span class='ocrx_word' id='word_1_201' title='bbox 653 3253 682 3310; x_wconf 90' lang='lat' dir='ltr'><strong>in</strong></span> 
     </span>
     <span class='ocr_line' id='line_1_42' title="bbox 93 3325 683 3400; baseline 0 -18"><span class='ocrx_word' id='word_1_202' title='bbox 93 3327 238 3399; x_wconf 89' lang='lat' dir='ltr'><strong>paradiso,</strong></span> <span class='ocrx_word' id='word_1_203' title='bbox 258 3329 310 3386; x_wconf 87' lang='lat' dir='ltr'><strong>sed</strong></span> <span class='ocrx_word' id='word_1_204' title='bbox 336 3327 406 3400; x_wconf 87' lang='lat' dir='ltr'><strong>quia</strong></span> <span class='ocrx_word' id='word_1_205' title='bbox 433 3344 489 3384; x_wconf 94' lang='lat' dir='ltr'><strong>non</strong></span> <span class='ocrx_word' id='word_1_206' title='bbox 516 3325 615 3396; x_wconf 87' lang='lat' dir='ltr'><strong>coluit,</strong></span> <span class='ocrx_word' id='word_1_207' title='bbox 639 3331 683 3383; x_wconf 88' lang='lat' dir='ltr'><strong>cst</strong></span> 
     </span>
     <span class='ocr_line' id='line_1_43' title="bbox 91 3398 682 3471; baseline 0 -16"><span class='ocrx_word' id='word_1_208' title='bbox 91 3400 216 3471; x_wconf 81' lang='lat' dir='ltr'><strong>ejectus3</strong></span> <span class='ocrx_word' id='word_1_209' title='bbox 232 3398 274 3457; x_wconf 91' lang='lat' dir='ltr'><strong>sic</strong></span> <span class='ocrx_word' id='word_1_210' title='bbox 286 3401 406 3470; x_wconf 88' lang='lat' dir='ltr'><strong>populus</strong></span> <span class='ocrx_word' id='word_1_211' title='bbox 416 3398 562 3468; x_wconf 82' lang='lat' dir='ltr'><strong>iudaicus,</strong></span> <span class='ocrx_word' id='word_1_212' title='bbox 576 3399 605 3455; x_wconf 95' lang='lat' dir='ltr'><strong>in</strong></span> <span class='ocrx_word' id='word_1_213' title='bbox 619 3414 682 3469; x_wconf 90' lang='lat' dir='ltr'><strong>spe·</strong></span> 
     </span>
     <span class='ocr_line' id='line_1_44' title="bbox 89 3470 678 3542; baseline 0.002 -15"><span class='ocrx_word' id='word_1_214' title='bbox 89 3470 156 3527; x_wconf 88' lang='lat' dir='ltr'><strong>ciali</strong></span> <span class='ocrx_word' id='word_1_215' title='bbox 171 3471 248 3527; x_wconf 85' lang='lat' dir='ltr'><strong>cultu</strong></span> <span class='ocrx_word' id='word_1_216' title='bbox 262 3471 359 3528; x_wconf 79' lang='lat' dir='ltr'><strong>divino</strong></span> <span class='ocrx_word' id='word_1_217' title='bbox 375 3471 494 3542; x_wconf 88' lang='lat' dir='ltr'><strong>positus,</strong></span> <span class='ocrx_word' id='word_1_218' title='bbox 503 3477 546 3526; x_wconf 89' lang='lat' dir='ltr'><strong>est</strong></span> <span class='ocrx_word' id='word_1_219' title='bbox 560 3472 678 3542; x_wconf 59' lang='lat' dir='ltr'><strong>ejectus</strong></span> 
     </span>
     <span class='ocr_line' id='line_1_45' title="bbox 88 3541 681 3614; baseline 0 -16"><span class='ocrx_word' id='word_1_220' title='bbox 88 3541 171 3598; x_wconf 87' lang='lat' dir='ltr'><strong>sicet</strong></span> <span class='ocrx_word' id='word_1_221' title='bbox 189 3558 241 3599; x_wconf 84' lang='lat' dir='ltr'><strong>nos</strong></span> <span class='ocrx_word' id='word_1_222' title='bbox 255 3542 341 3614; x_wconf 92' lang='lat' dir='ltr'><strong>positi</strong></span> <span class='ocrx_word' id='word_1_223' title='bbox 354 3558 464 3610; x_wconf 89' lang='lat' dir='ltr'><strong>sumus,</strong></span> <span class='ocrx_word' id='word_1_224' title='bbox 475 3542 535 3599; x_wconf 87' lang='lat' dir='ltr'><strong>elsi</strong></span> <span class='ocrx_word' id='word_1_225' title='bbox 552 3544 681 3614; x_wconf 82' lang='lat' dir='ltr'><strong>neglexe-</strong></span> 
     </span>
     <span class='ocr_line' id='line_1_46' title="bbox 89 3613 682 3685; baseline 0.002 -16"><span class='ocrx_word' id='word_1_226' title='bbox 89 3614 193 3680; x_wconf 91' lang='lat' dir='ltr'><strong>rimus,</strong></span> <span class='ocrx_word' id='word_1_227' title='bbox 213 3613 346 3670; x_wconf 88' lang='lat' dir='ltr'><strong>simititer</strong></span> <span class='ocrx_word' id='word_1_228' title='bbox 370 3613 562 3685; x_wconf 83' lang='lat' dir='ltr'><strong>projiciemur.</strong></span> <span class='ocrx_word' id='word_1_229' title='bbox 589 3614 682 3670; x_wconf 86' lang='lat' dir='ltr'><strong>ltuina</strong></span> 
     </span>
     <span class='ocr_line' id='line_1_47' title="bbox 88 3684 681 3757; baseline 0.003 -18"><span class='ocrx_word' id='word_1_230' title='bbox 88 3685 314 3757; x_wconf 67' lang='lat' dir='ltr'><strong>precedentium</strong></span> <span class='ocrx_word' id='word_1_231' title='bbox 336 3684 493 3742; x_wconf 86' lang='lat' dir='ltr'><strong>admonitio</strong></span> <span class='ocrx_word' id='word_1_232' title='bbox 513 3684 597 3741; x_wconf 87' lang='lat' dir='ltr'><strong>debet</strong></span> <span class='ocrx_word' id='word_1_233' title='bbox 617 3701 681 3741; x_wconf 89' lang='lat' dir='ltr'><strong>esse</strong></span> 
     </span>
     <span class='ocr_line' id='line_1_48' title="bbox 88 3756 680 3827; baseline -0.002 -16"><span class='ocrx_word' id='word_1_234' title='bbox 88 3756 284 3827; x_wconf 86' lang='lat' dir='ltr'><strong>sequentium.</strong></span> <span class='ocrx_word' id='word_1_235' title='bbox 300 3758 481 3815; x_wconf 80' lang='lat' dir='ltr'><strong>conuentione</strong></span> <span class='ocrx_word' id='word_1_236' title='bbox 490 3762 580 3811; x_wconf 76' lang='lat' dir='ltr'><strong>aretem</strong></span> <span class='ocrx_word' id='word_1_237' title='bbox 592 3759 680 3823; x_wconf 73' lang='lat' dir='ltr'><strong>sactu,</strong></span> 
     </span>
     <span class='ocr_line' id='line_1_49' title="bbox 89 3827 682 3899; baseline -0.002 -15"><span class='ocrx_word' id='word_1_238' title='bbox 89 3844 154 3884; x_wconf 84' lang='lat' dir='ltr'><strong>cum</strong></span> <span class='ocrx_word' id='word_1_239' title='bbox 167 3831 359 3899; x_wconf 67' lang='lat' dir='ltr'><strong>operantem</strong></span> <span class='ocrx_word' id='word_1_240' title='bbox 371 3829 486 3883; x_wconf 84' lang='lat' dir='ltr'><strong>denario</strong></span> <span class='ocrx_word' id='word_1_241' title='bbox 499 3828 613 3894; x_wconf 75' lang='lat' dir='ltr'><strong>diurno,</strong></span> <span class='ocrx_word' id='word_1_242' title='bbox 627 3827 682 3883; x_wconf 85' lang='lat' dir='ltr'><strong>ista</strong></span> 
     </span>
     <span class='ocr_line' id='line_1_50' title="bbox 89 3899 682 3970; baseline -0.002 -15"><span class='ocrx_word' id='word_1_243' title='bbox 89 3899 244 3956; x_wconf 76' lang='lat' dir='ltr'><strong>conventio</strong></span> <span class='ocrx_word' id='word_1_244' title='bbox 268 3899 335 3956; x_wconf 78' lang='lat' dir='ltr'><strong>vite</strong></span> <span class='ocrx_word' id='word_1_245' title='bbox 365 3905 481 3956; x_wconf 73' lang='lat' dir='ltr'><strong>aeternae</strong></span> <span class='ocrx_word' id='word_1_246' title='bbox 504 3914 556 3970; x_wconf 91' lang='lat' dir='ltr'><strong>pro</strong></span> <span class='ocrx_word' id='word_1_247' title='bbox 585 3899 682 3955; x_wconf 90' lang='lat' dir='ltr'><strong>labore</strong></span> 
     </span>
     <span class='ocr_line' id='line_1_51' title="bbox 90 3969 682 4044; baseline 0 -18"><span class='ocrx_word' id='word_1_248' title='bbox 90 3970 245 4043; x_wconf 89' lang='lat' dir='ltr'><strong>promissio</strong></span> <span class='ocrx_word' id='word_1_249' title='bbox 259 3977 313 4036; x_wconf 87' lang='lat' dir='ltr'><strong>est,</strong></span> <span class='ocrx_word' id='word_1_250' title='bbox 323 3987 386 4044; x_wconf 84' lang='lat' dir='ltr'><strong>qoae</strong></span> <span class='ocrx_word' id='word_1_251' title='bbox 401 3970 516 4043; x_wconf 89' lang='lat' dir='ltr'><strong>quidem</strong></span> <span class='ocrx_word' id='word_1_252' title='bbox 532 3969 588 4026; x_wconf 84' lang='lat' dir='ltr'><strong>rita</strong></span> <span class='ocrx_word' id='word_1_253' title='bbox 601 3975 682 4027; x_wconf 81' lang='lat' dir='ltr'><strong>aeter-</strong></span> 
     </span>
     <span class='ocr_line' id='line_1_52' title="bbox 91 4041 682 4111; baseline 0 -13"><span class='ocrx_word' id='word_1_254' title='bbox 91 4057 132 4098; x_wconf 87' lang='lat' dir='ltr'><strong>na</strong></span> <span class='ocrx_word' id='word_1_255' title='bbox 149 4041 253 4098; x_wconf 90' lang='lat' dir='ltr'><strong>dicitur</strong></span> <span class='ocrx_word' id='word_1_256' title='bbox 264 4042 556 4111; x_wconf 77' lang='lat' dir='ltr'><strong>denarius-Primo,</strong></span> <span class='ocrx_word' id='word_1_257' title='bbox 571 4043 682 4098; x_wconf 89' lang='lat' dir='ltr'><strong>ratione</strong></span> 
     </span>
     <span class='ocr_line' id='line_1_53' title="bbox 91 4113 683 4182; baseline -0.002 -12"><span class='ocrx_word' id='word_1_258' title='bbox 91 4113 229 4182; x_wconf 76' lang='lat' dir='ltr'><strong>nominis,</strong></span> <span class='ocrx_word' id='word_1_259' title='bbox 240 4114 375 4170; x_wconf 87' lang='lat' dir='ltr'><strong>denarius</strong></span> <span class='ocrx_word' id='word_1_260' title='bbox 386 4113 461 4171; x_wconf 90' lang='lat' dir='ltr'><strong>enim</strong></span> <span class='ocrx_word' id='word_1_261' title='bbox 476 4129 493 4170; x_wconf 92' lang='lat' dir='ltr'><strong>a</strong></span> <span class='ocrx_word' id='word_1_262' title='bbox 505 4114 603 4170; x_wconf 89' lang='lat' dir='ltr'><strong>decem</strong></span> <span class='ocrx_word' id='word_1_263' title='bbox 615 4113 683 4170; x_wconf 92' lang='lat' dir='ltr'><strong>dici·</strong></span> 
     </span>
     <span class='ocr_line' id='line_1_54' title="bbox 91 4186 682 4257; baseline 0.002 -17"><span class='ocrx_word' id='word_1_264' title='bbox 91 4190 150 4243; x_wconf 90' lang='lat' dir='ltr'><strong>tur.</strong></span> <span class='ocrx_word' id='word_1_265' title='bbox 164 4201 200 4241; x_wconf 82' lang='lat' dir='ltr'><strong>ex</strong></span> <span class='ocrx_word' id='word_1_266' title='bbox 212 4201 246 4241; x_wconf 91' lang='lat' dir='ltr'><strong>eo</strong></span> <span class='ocrx_word' id='word_1_267' title='bbox 262 4187 339 4257; x_wconf 88' lang='lat' dir='ltr'><strong>quod</strong></span> <span class='ocrx_word' id='word_1_268' title='bbox 354 4186 422 4242; x_wconf 92' lang='lat' dir='ltr'><strong>olim</strong></span> <span class='ocrx_word' id='word_1_269' title='bbox 435 4187 534 4241; x_wconf 92' lang='lat' dir='ltr'><strong>decem</strong></span> <span class='ocrx_word' id='word_1_270' title='bbox 551 4201 682 4241; x_wconf 88' lang='lat' dir='ltr'><strong>nummos</strong></span> 
     </span>
     <span class='ocr_line' id='line_1_55' title="bbox 93 4255 682 4328; baseline -0.002 -15"><span class='ocrx_word' id='word_1_271' title='bbox 93 4257 209 4314; x_wconf 88' lang='lat' dir='ltr'><strong>usuales</strong></span> <span class='ocrx_word' id='word_1_272' title='bbox 230 4258 359 4326; x_wconf 87' lang='lat' dir='ltr'><strong>valebat;</strong></span> <span class='ocrx_word' id='word_1_273' title='bbox 375 4257 405 4312; x_wconf 88' lang='lat' dir='ltr'><strong>in</strong></span> <span class='ocrx_word' id='word_1_274' title='bbox 428 4271 483 4328; x_wconf 91' lang='lat' dir='ltr'><strong>quo</strong></span> <span class='ocrx_word' id='word_1_275' title='bbox 506 4255 682 4328; x_wconf 80' lang='lat' dir='ltr'><strong>significatur</strong></span> 
     </span>
     <span class='ocr_line' id='line_1_56' title="bbox 92 4328 683 4402; baseline -0.002 -17"><span class='ocrx_word' id='word_1_276' title='bbox 92 4328 219 4402; x_wconf 89' lang='lat' dir='ltr'><strong>prelium</strong></span> <span class='ocrx_word' id='word_1_277' title='bbox 230 4344 282 4402; x_wconf 94' lang='lat' dir='ltr'><strong>pro</strong></span> <span class='ocrx_word' id='word_1_278' title='bbox 293 4345 346 4386; x_wconf 90' lang='lat' dir='ltr'><strong>usu</strong></span> <span class='ocrx_word' id='word_1_279' title='bbox 361 4333 389 4386; x_wconf 90' lang='lat' dir='ltr'><strong>et</strong></span> <span class='ocrx_word' id='word_1_280' title='bbox 403 4328 585 4387; x_wconf 87' lang='lat' dir='ltr'><strong>observantia</strong></span> <span class='ocrx_word' id='word_1_281' title='bbox 598 4330 683 4385; x_wconf 86' lang='lat' dir='ltr'><strong>Deca-</strong></span> 
     </span>
    </p>
   </div>
   <div class='ocr_carea' id='block_1_3' title="bbox 726 465 1327 4391">
    <p class='ocr_par' dir='ltr' id='par_1_4' title="bbox 726 465 1321 1326">
     <span class='ocr_line' id='line_1_57' title="bbox 726 465 1319 538; baseline 0.005 -15"><span class='ocrx_word' id='word_1_282' title='bbox 726 467 781 538; x_wconf 89' lang='lat' dir='ltr'><strong>logi</strong></span> <span class='ocrx_word' id='word_1_283' title='bbox 798 465 986 538; x_wconf 90' lang='lat' dir='ltr'><strong>promissum;</strong></span> <span class='ocrx_word' id='word_1_284' title='bbox 1006 474 1034 523; x_wconf 92' lang='lat' dir='ltr'><strong>ct</strong></span> <span class='ocrx_word' id='word_1_285' title='bbox 1049 467 1113 524; x_wconf 90' lang='lat' dir='ltr'><strong>ideo</strong></span> <span class='ocrx_word' id='word_1_286' title='bbox 1133 468 1181 524; x_wconf 89' lang='lat' dir='ltr'><strong>illa</strong></span> <span class='ocrx_word' id='word_1_287' title='bbox 1196 468 1253 524; x_wconf 80' lang='lat' dir='ltr'><strong>rita</strong></span> <span class='ocrx_word' id='word_1_288' title='bbox 1267 470 1319 526; x_wconf 91' lang='lat' dir='ltr'><strong>dc·</strong></span> 
     </span>
     <span class='ocr_line' id='line_1_58' title="bbox 728 538 1320 611; baseline 0.007 -17"><span class='ocrx_word' id='word_1_289' title='bbox 728 538 948 606; x_wconf 89' lang='lat' dir='ltr'><strong>nariusdicltur,</strong></span> <span class='ocrx_word' id='word_1_290' title='bbox 965 538 1032 610; x_wconf 86' lang='lat' dir='ltr'><strong>quia</strong></span> <span class='ocrx_word' id='word_1_291' title='bbox 1051 556 1102 611; x_wconf 93' lang='lat' dir='ltr'><strong>pro</strong></span> <span class='ocrx_word' id='word_1_292' title='bbox 1119 540 1249 610; x_wconf 80' lang='lat' dir='ltr'><strong>Dccalogi</strong></span> <span class='ocrx_word' id='word_1_293' title='bbox 1262 543 1320 598; x_wconf 90' lang='lat' dir='ltr'><strong>ob-</strong></span> 
     </span>
     <span class='ocr_line' id='line_1_59' title="bbox 729 609 1320 677; baseline 0.007 -11"><span class='ocrx_word' id='word_1_294' title='bbox 729 609 888 666; x_wconf 85' lang='lat' dir='ltr'><strong>servatione</strong></span> <span class='ocrx_word' id='word_1_295' title='bbox 902 610 996 666; x_wconf 89' lang='lat' dir='ltr'><strong>datur.</strong></span> <span class='ocrx_word' id='word_1_296' title='bbox 1011 642 1039 652; x_wconf 91' lang='lat'>-</span> <span class='ocrx_word' id='word_1_297' title='bbox 1051 611 1194 677; x_wconf 77' lang='lat' dir='ltr'><strong>Secirndo,</strong></span> <span class='ocrx_word' id='word_1_298' title='bbox 1209 611 1320 670; x_wconf 84' lang='lat' dir='ltr'><strong>ratione</strong></span> 
     </span>
     <span class='ocr_line' id='line_1_60' title="bbox 729 681 1320 753; baseline 0.003 -15"><span class='ocrx_word' id='word_1_299' title='bbox 729 682 840 753; x_wconf 76' lang='lat' dir='ltr'><strong>ligure,</strong></span> <span class='ocrx_word' id='word_1_300' title='bbox 863 681 930 753; x_wconf 87' lang='lat' dir='ltr'><strong>quia</strong></span> <span class='ocrx_word' id='word_1_301' title='bbox 953 681 980 737; x_wconf 93' lang='lat' dir='ltr'><strong>in</strong></span> <span class='ocrx_word' id='word_1_302' title='bbox 1009 682 1126 738; x_wconf 90' lang='lat' dir='ltr'><strong>denario</strong></span> <span class='ocrx_word' id='word_1_303' title='bbox 1154 690 1196 739; x_wconf 83' lang='lat' dir='ltr'><strong>cst</strong></span> <span class='ocrx_word' id='word_1_304' title='bbox 1225 684 1320 753; x_wconf 81' lang='lat' dir='ltr'><strong>tigrrra</strong></span> 
     </span>
     <span class='ocr_line' id='line_1_61' title="bbox 728 753 1316 825; baseline 0.002 -16"><span class='ocrx_word' id='word_1_305' title='bbox 728 753 868 825; x_wconf 73' lang='lat' dir='ltr'><strong>sphaerica</strong></span> <span class='ocrx_word' id='word_1_306' title='bbox 880 758 908 810; x_wconf 89' lang='lat' dir='ltr'><strong>et</strong></span> <span class='ocrx_word' id='word_1_307' title='bbox 925 756 1058 821; x_wconf 88' lang='lat' dir='ltr'><strong>rotunda,</strong></span> <span class='ocrx_word' id='word_1_308' title='bbox 1075 753 1122 810; x_wconf 78' lang='lat' dir='ltr'><strong>utri</strong></span> <span class='ocrx_word' id='word_1_309' title='bbox 1138 770 1194 810; x_wconf 92' lang='lat' dir='ltr'><strong>non</strong></span> <span class='ocrx_word' id='word_1_310' title='bbox 1214 765 1257 811; x_wconf 89' lang='lat' dir='ltr'><strong>est</strong></span> <span class='ocrx_word' id='word_1_311' title='bbox 1272 753 1316 810; x_wconf 92' lang='lat' dir='ltr'><strong>in·</strong></span> 
     </span>
     <span class='ocr_line' id='line_1_62' title="bbox 728 823 1319 898; baseline 0.01 -21"><span class='ocrx_word' id='word_1_312' title='bbox 728 825 826 881; x_wconf 79' lang='lat' dir='ltr'><strong>venire</strong></span> <span class='ocrx_word' id='word_1_313' title='bbox 845 823 1016 897; x_wconf 85' lang='lat' dir='ltr'><strong>principium</strong></span> <span class='ocrx_word' id='word_1_314' title='bbox 1035 834 1062 881; x_wconf 91' lang='lat' dir='ltr'><strong>ct</strong></span> <span class='ocrx_word' id='word_1_315' title='bbox 1085 825 1188 889; x_wconf 83' lang='lat' dir='ltr'><strong>finem;</strong></span> <span class='ocrx_word' id='word_1_316' title='bbox 1209 825 1237 882; x_wconf 91' lang='lat' dir='ltr'><strong>in</strong></span> <span class='ocrx_word' id='word_1_317' title='bbox 1262 842 1319 898; x_wconf 82' lang='lat' dir='ltr'><strong>quo</strong></span> 
     </span>
     <span class='ocr_line' id='line_1_63' title="bbox 729 895 1321 969; baseline 0.005 -17"><span class='ocrx_word' id='word_1_318' title='bbox 729 895 912 966; x_wconf 82' lang='lat' dir='ltr'><strong>significatur</strong></span> <span class='ocrx_word' id='word_1_319' title='bbox 929 896 993 952; x_wconf 77' lang='lat' dir='ltr'><strong>vitae</strong></span> <span class='ocrx_word' id='word_1_320' title='bbox 1012 899 1168 963; x_wconf 76' lang='lat' dir='ltr'><strong>eternitas,</strong></span> <span class='ocrx_word' id='word_1_321' title='bbox 1188 905 1217 952; x_wconf 87' lang='lat' dir='ltr'><strong>et</strong></span> <span class='ocrx_word' id='word_1_322' title='bbox 1235 898 1321 969; x_wconf 89' lang='lat' dir='ltr'><strong>plena</strong></span> 
     </span>
     <span class='ocr_line' id='line_1_64' title="bbox 730 967 1321 1049; baseline 0.002 -25"><span class='ocrx_word' id='word_1_323' title='bbox 730 967 900 1024; x_wconf 74' lang='lat' dir='ltr'><strong>aeternitatis</strong></span> <span class='ocrx_word' id='word_1_324' title='bbox 910 968 1065 1049; x_wconf 89' lang='lat' dir='ltr'><strong>possessio.</strong></span> <span class='ocrx_word' id='word_1_325' title='bbox 1082 998 1118 1009; x_wconf 85' lang='lat'>-</span> <span class='ocrx_word' id='word_1_326' title='bbox 1133 969 1238 1032; x_wconf 86' lang='lat' dir='ltr'><strong>Tertio,</strong></span> <span class='ocrx_word' id='word_1_327' title='bbox 1255 970 1321 1026; x_wconf 89' lang='lat' dir='ltr'><strong>rati-</strong></span> 
     </span>
     <span class='ocr_line' id='line_1_65' title="bbox 731 1039 1321 1111; baseline 0.005 -16"><span class='ocrx_word' id='word_1_328' title='bbox 731 1056 785 1095; x_wconf 91' lang='lat' dir='ltr'><strong>one</strong></span> <span class='ocrx_word' id='word_1_329' title='bbox 800 1039 944 1110; x_wconf 70' lang='lat' dir='ltr'><strong>imagmrs,</strong></span> <span class='ocrx_word' id='word_1_330' title='bbox 960 1039 990 1095; x_wconf 92' lang='lat' dir='ltr'><strong>in</strong></span> <span class='ocrx_word' id='word_1_331' title='bbox 1004 1039 1122 1096; x_wconf 89' lang='lat' dir='ltr'><strong>denario</strong></span> <span class='ocrx_word' id='word_1_332' title='bbox 1137 1040 1212 1096; x_wconf 92' lang='lat' dir='ltr'><strong>enim</strong></span> <span class='ocrx_word' id='word_1_333' title='bbox 1227 1041 1321 1111; x_wconf 76' lang='lat' dir='ltr'><strong>imago</strong></span> 
     </span>
     <span class='ocr_line' id='line_1_66' title="bbox 731 1110 1319 1183; baseline 0.002 -16"><span class='ocrx_word' id='word_1_334' title='bbox 731 1110 807 1183; x_wconf 83' lang='lat' dir='ltr'><strong>rugis</strong></span> <span class='ocrx_word' id='word_1_335' title='bbox 827 1117 870 1167; x_wconf 85' lang='lat' dir='ltr'><strong>est</strong></span> <span class='ocrx_word' id='word_1_336' title='bbox 892 1111 1012 1182; x_wconf 88' lang='lat' dir='ltr'><strong>scripla;</strong></span> <span class='ocrx_word' id='word_1_337' title='bbox 1028 1111 1057 1166; x_wconf 92' lang='lat' dir='ltr'><strong>in</strong></span> <span class='ocrx_word' id='word_1_338' title='bbox 1080 1128 1136 1183; x_wconf 79' lang='lat' dir='ltr'><strong>qiro</strong></span> <span class='ocrx_word' id='word_1_339' title='bbox 1156 1111 1260 1168; x_wconf 82' lang='lat' dir='ltr'><strong>animm</strong></span> <span class='ocrx_word' id='word_1_340' title='bbox 1282 1113 1319 1168; x_wconf 89' lang='lat' dir='ltr'><strong>ad</strong></span> 
     </span>
     <span class='ocr_line' id='line_1_67' title="bbox 733 1183 1320 1254; baseline 0.003 -16"><span class='ocrx_word' id='word_1_341' title='bbox 733 1184 820 1238; x_wconf 87' lang='lat' dir='ltr'><strong>Deum</strong></span> <span class='ocrx_word' id='word_1_342' title='bbox 855 1186 970 1239; x_wconf 79' lang='lat' dir='ltr'><strong>notatur</strong></span> <span class='ocrx_word' id='word_1_343' title='bbox 1001 1183 1185 1239; x_wconf 79' lang='lat' dir='ltr'><strong>conformitas</strong></span> <span class='ocrx_word' id='word_1_344' title='bbox 1219 1184 1320 1254; x_wconf 89' lang='lat' dir='ltr'><strong>plena,</strong></span> 
     </span>
     <span class='ocr_line' id='line_1_68' title="bbox 734 1254 1320 1326; baseline 0.003 -17"><span class='ocrx_word' id='word_1_345' title='bbox 734 1256 827 1325; x_wconf 87' lang='lat' dir='ltr'><strong>imago</strong></span> <span class='ocrx_word' id='word_1_346' title='bbox 839 1254 917 1310; x_wconf 89' lang='lat' dir='ltr'><strong>enim</strong></span> <span class='ocrx_word' id='word_1_347' title='bbox 929 1255 978 1310; x_wconf 85' lang='lat' dir='ltr'><strong>tlei</strong></span> <span class='ocrx_word' id='word_1_348' title='bbox 995 1257 1023 1309; x_wconf 92' lang='lat' dir='ltr'><strong>in</strong></span> <span class='ocrx_word' id='word_1_349' title='bbox 1037 1258 1137 1309; x_wconf 85' lang='lat' dir='ltr'><strong>tteatos</strong></span> <span class='ocrx_word' id='word_1_350' title='bbox 1149 1255 1320 1326; x_wconf 86' lang='lat' dir='ltr'><strong>imprimitur</strong></span> 
     </span>
    </p>

    <p class='ocr_par' dir='ltr' id='par_1_5' title="bbox 734 1325 1326 2473">
     <span class='ocr_line' id='line_1_69' title="bbox 754 1325 1323 1394; baseline 0.002 -12"><span class='ocrx_word' id='word_1_351' title='bbox 754 1342 785 1382; x_wconf 91' lang='lat' dir='ltr'><strong>er</strong></span> <span class='ocrx_word' id='word_1_352' title='bbox 796 1325 1032 1382; x_wconf 87' lang='lat' dir='ltr'><strong>assimilationem</strong></span> <span class='ocrx_word' id='word_1_353' title='bbox 1042 1326 1078 1381; x_wconf 92' lang='lat' dir='ltr'><strong>ad</strong></span> <span class='ocrx_word' id='word_1_354' title='bbox 1091 1328 1323 1394; x_wconf 67' lang='lat' dir='ltr'><strong>ticummttrans·</strong></span> 
     </span>
     <span class='ocr_line' id='line_1_70' title="bbox 734 1342 1325 1480; baseline 0.003 -27"><span class='ocrx_word' id='word_1_355' title='bbox 734 1342 934 1453; x_wconf 55' lang='lat' dir='ltr'><strong>formationem</strong></span> <span class='ocrx_word' id='word_1_356' title='bbox 952 1398 981 1453; x_wconf 92' lang='lat' dir='ltr'><strong>in</strong></span> <span class='ocrx_word' id='word_1_357' title='bbox 996 1397 1257 1480; x_wconf 82' lang='lat' dir='ltr'><strong>ipsum-Quarto,</strong></span> <span class='ocrx_word' id='word_1_358' title='bbox 1274 1414 1325 1455; x_wconf 89' lang='lat' dir='ltr'><strong>ra-</strong></span> 
     </span>
     <span class='ocr_line' id='line_1_71' title="bbox 735 1468 1323 1541; baseline 0.003 -16"><span class='ocrx_word' id='word_1_359' title='bbox 735 1468 812 1525; x_wconf 88' lang='lat' dir='ltr'><strong>tione</strong></span> <span class='ocrx_word' id='word_1_360' title='bbox 822 1469 971 1541; x_wconf 74' lang='lat' dir='ltr'><strong>scripturae</strong></span> <span class='ocrx_word' id='word_1_361' title='bbox 983 1487 990 1531; x_wconf 85' lang='grc'><strong>;</strong></span> <span class='ocrx_word' id='word_1_362' title='bbox 1004 1486 1033 1524; x_wconf 87' lang='grc' dir='ltr'><strong>ιιι</strong></span> <span class='ocrx_word' id='word_1_363' title='bbox 1044 1486 1100 1540; x_wconf 81' lang='lat' dir='ltr'><strong>nuo</strong></span> <span class='ocrx_word' id='word_1_364' title='bbox 1113 1477 1227 1526; x_wconf 88' lang='lat' dir='ltr'><strong>notatur</strong></span> <span class='ocrx_word' id='word_1_365' title='bbox 1238 1471 1323 1541; x_wconf 89' lang='lat' dir='ltr'><strong>plena</strong></span> 
     </span>
     <span class='ocr_line' id='line_1_72' title="bbox 735 1539 1320 1613; baseline 0.005 -18"><span class='ocrx_word' id='word_1_366' title='bbox 735 1539 854 1596; x_wconf 88' lang='lat' dir='ltr'><strong>scientia</strong></span> <span class='ocrx_word' id='word_1_367' title='bbox 869 1546 897 1597; x_wconf 90' lang='lat' dir='ltr'><strong>ct</strong></span> <span class='ocrx_word' id='word_1_368' title='bbox 912 1542 1035 1613; x_wconf 81' lang='lat' dir='ltr'><strong>cognitio</strong></span> <span class='ocrx_word' id='word_1_369' title='bbox 1050 1541 1186 1609; x_wconf 80' lang='lat' dir='ltr'><strong>veritatis,</strong></span> <span class='ocrx_word' id='word_1_370' title='bbox 1204 1559 1268 1613; x_wconf 79' lang='lat' dir='ltr'><strong>qum</strong></span> <span class='ocrx_word' id='word_1_371' title='bbox 1283 1541 1320 1599; x_wconf 82' lang='lat' dir='ltr'><strong>iti</strong></span> 
     </span>
     <span class='ocr_line' id='line_1_73' title="bbox 735 1612 1322 1679; baseline 0.005 -12"><span class='ocrx_word' id='word_1_372' title='bbox 735 1612 789 1668; x_wconf 90' lang='lat' dir='ltr'><strong>erit</strong></span> <span class='ocrx_word' id='word_1_373' title='bbox 805 1612 833 1668; x_wconf 95' lang='lat' dir='ltr'><strong>in</strong></span> <span class='ocrx_word' id='word_1_374' title='bbox 853 1615 956 1679; x_wconf 81' lang='lat' dir='ltr'><strong>Beatis.</strong></span> <span class='ocrx_word' id='word_1_375' title='bbox 974 1615 1007 1668; x_wconf 82' lang='lat' dir='ltr'><strong>Et</strong></span> <span class='ocrx_word' id='word_1_376' title='bbox 1027 1622 1144 1669; x_wconf 86' lang='lat' dir='ltr'><strong>vocatur</strong></span> <span class='ocrx_word' id='word_1_377' title='bbox 1161 1613 1213 1670; x_wconf 89' lang='lat' dir='ltr'><strong>iste</strong></span> <span class='ocrx_word' id='word_1_378' title='bbox 1229 1614 1322 1670; x_wconf 85' lang='lat' dir='ltr'><strong>drna·</strong></span> 
     </span>
     <span class='ocr_line' id='line_1_74' title="bbox 735 1683 1323 1755; baseline 0.005 -16"><span class='ocrx_word' id='word_1_379' title='bbox 735 1684 795 1740; x_wconf 88' lang='lat' dir='ltr'><strong>rius</strong></span> <span class='ocrx_word' id='word_1_380' title='bbox 810 1683 941 1753; x_wconf 90' lang='lat' dir='ltr'><strong>diurnus,</strong></span> <span class='ocrx_word' id='word_1_381' title='bbox 956 1690 1015 1740; x_wconf 91' lang='lat' dir='ltr'><strong>tum</strong></span> <span class='ocrx_word' id='word_1_382' title='bbox 1035 1685 1100 1755; x_wconf 86' lang='lat' dir='ltr'><strong>quia</strong></span> <span class='ocrx_word' id='word_1_383' title='bbox 1121 1692 1180 1742; x_wconf 90' lang='lat' dir='ltr'><strong>tola</strong></span> <span class='ocrx_word' id='word_1_384' title='bbox 1203 1685 1260 1742; x_wconf 85' lang='lat' dir='ltr'><strong>vita</strong></span> <span class='ocrx_word' id='word_1_385' title='bbox 1274 1685 1323 1742; x_wconf 90' lang='lat' dir='ltr'><strong>ho-</strong></span> 
     </span>
     <span class='ocr_line' id='line_1_75' title="bbox 737 1755 1322 1829; baseline 0.005 -18"><span class='ocrx_word' id='word_1_386' title='bbox 737 1755 831 1823; x_wconf 79' lang='lat' dir='ltr'><strong>minis,</strong></span> <span class='ocrx_word' id='word_1_387' title='bbox 846 1762 904 1811; x_wconf 89' lang='lat' dir='ltr'><strong>tota</strong></span> <span class='ocrx_word' id='word_1_388' title='bbox 919 1756 1004 1812; x_wconf 89' lang='lat' dir='ltr'><strong>etiam</strong></span> <span class='ocrx_word' id='word_1_389' title='bbox 1020 1757 1078 1813; x_wconf 81' lang='lat' dir='ltr'><strong>rita</strong></span> <span class='ocrx_word' id='word_1_390' title='bbox 1093 1774 1220 1829; x_wconf 79' lang='lat' dir='ltr'><strong>praesens</strong></span> <span class='ocrx_word' id='word_1_391' title='bbox 1238 1773 1322 1828; x_wconf 89' lang='lat' dir='ltr'><strong>repu-</strong></span> 
     </span>
     <span class='ocr_line' id='line_1_76' title="bbox 737 1828 1322 1900; baseline 0.003 -18"><span class='ocrx_word' id='word_1_392' title='bbox 737 1828 902 1898; x_wconf 85' lang='lat' dir='ltr'><strong>taturqoasi</strong></span> <span class='ocrx_word' id='word_1_393' title='bbox 913 1845 968 1885; x_wconf 91' lang='lat' dir='ltr'><strong>una</strong></span> <span class='ocrx_word' id='word_1_394' title='bbox 979 1829 1050 1895; x_wconf 89' lang='lat' dir='ltr'><strong>dies,</strong></span> <span class='ocrx_word' id='word_1_395' title='bbox 1059 1828 1085 1884; x_wconf 91' lang='lat' dir='ltr'><strong>in</strong></span> <span class='ocrx_word' id='word_1_396' title='bbox 1099 1846 1154 1898; x_wconf 69' lang='lat' dir='ltr'><strong>apua</strong></span> <span class='ocrx_word' id='word_1_397' title='bbox 1168 1845 1322 1900; x_wconf 80' lang='lat' dir='ltr'><strong>numquam</strong></span> 
     </span>
     <span class='ocr_line' id='line_1_77' title="bbox 737 1899 1324 1970; baseline 0.002 -16"><span class='ocrx_word' id='word_1_398' title='bbox 737 1901 846 1955; x_wconf 89' lang='lat' dir='ltr'><strong>abono</strong></span> <span class='ocrx_word' id='word_1_399' title='bbox 866 1915 952 1970; x_wconf 86' lang='lat' dir='ltr'><strong>opere</strong></span> <span class='ocrx_word' id='word_1_400' title='bbox 972 1904 1015 1955; x_wconf 91' lang='lat' dir='ltr'><strong>cst</strong></span> <span class='ocrx_word' id='word_1_401' title='bbox 1034 1899 1242 1965; x_wconf 62' lang='lat' dir='ltr'><strong>desistendum</strong></span> <span class='ocrx_word' id='word_1_402' title='bbox 1263 1907 1324 1955; x_wconf 89' lang='lat' dir='ltr'><strong>tum</strong></span> 
     </span>
     <span class='ocr_line' id='line_1_78' title="bbox 736 1969 1323 2042; baseline -0.002 -16"><span class='ocrx_word' id='word_1_403' title='bbox 736 1970 804 2041; x_wconf 87' lang='lat' dir='ltr'><strong>quia</strong></span> <span class='ocrx_word' id='word_1_404' title='bbox 821 1987 876 2026; x_wconf 93' lang='lat' dir='ltr'><strong>non</strong></span> <span class='ocrx_word' id='word_1_405' title='bbox 893 1969 947 2025; x_wconf 90' lang='lat' dir='ltr'><strong>nisi</strong></span> <span class='ocrx_word' id='word_1_406' title='bbox 964 1971 1094 2042; x_wconf 89' lang='lat' dir='ltr'><strong>operanti</strong></span> <span class='ocrx_word' id='word_1_407' title='bbox 1110 1970 1139 2026; x_wconf 90' lang='lat' dir='ltr'><strong>in</strong></span> <span class='ocrx_word' id='word_1_408' title='bbox 1154 1973 1199 2025; x_wconf 89' lang='lat' dir='ltr'><strong>dio</strong></span> <span class='ocrx_word' id='word_1_409' title='bbox 1213 1971 1323 2041; x_wconf 78' lang='lat' dir='ltr'><strong>gratim,</strong></span> 
     </span>
     <span class='ocr_line' id='line_1_79' title="bbox 738 2043 1323 2112; baseline 0 -15"><span class='ocrx_word' id='word_1_410' title='bbox 738 2048 766 2097; x_wconf 95' lang='lat' dir='ltr'><strong>ct</strong></span> <span class='ocrx_word' id='word_1_411' title='bbox 783 2058 841 2097; x_wconf 89' lang='lat' dir='ltr'><strong>non</strong></span> <span class='ocrx_word' id='word_1_412' title='bbox 857 2044 884 2097; x_wconf 92' lang='lat' dir='ltr'><strong>in</strong></span> <span class='ocrx_word' id='word_1_413' title='bbox 902 2049 984 2098; x_wconf 88' lang='lat' dir='ltr'><strong>nocte</strong></span> <span class='ocrx_word' id='word_1_414' title='bbox 1000 2043 1091 2112; x_wconf 81' lang='lat' dir='ltr'><strong>culpae</strong></span> <span class='ocrx_word' id='word_1_415' title='bbox 1107 2043 1323 2111; x_wconf 75' lang='lat' dir='ltr'><strong>redditur3tu1n</strong></span> 
     </span>
     <span class='ocr_line' id='line_1_80' title="bbox 738 2112 1326 2185; baseline 0.003 -17"><span class='ocrx_word' id='word_1_416' title='bbox 738 2112 805 2184; x_wconf 86' lang='lat' dir='ltr'><strong>qnia</strong></span> <span class='ocrx_word' id='word_1_417' title='bbox 819 2112 849 2168; x_wconf 93' lang='lat' dir='ltr'><strong>in</strong></span> <span class='ocrx_word' id='word_1_418' title='bbox 863 2113 910 2169; x_wconf 90' lang='lat' dir='ltr'><strong>die</strong></span> <span class='ocrx_word' id='word_1_419' title='bbox 924 2113 1023 2184; x_wconf 77' lang='lat' dir='ltr'><strong>gloriae</strong></span> <span class='ocrx_word' id='word_1_420' title='bbox 1039 2113 1130 2185; x_wconf 90' lang='lat' dir='ltr'><strong>primo</strong></span> <span class='ocrx_word' id='word_1_421' title='bbox 1149 2112 1273 2169; x_wconf 87' lang='lat' dir='ltr'><strong>dabitur.</strong></span> <span class='ocrx_word' id='word_1_422' title='bbox 1290 2116 1326 2170; x_wconf 87' lang='lat' dir='ltr'><strong>Et</strong></span> 
     </span>
     <span class='ocr_line' id='line_1_81' title="bbox 736 2184 1323 2256; baseline 0.002 -17"><span class='ocrx_word' id='word_1_423' title='bbox 736 2188 814 2239; x_wconf 84' lang='lat' dir='ltr'><strong>misit</strong></span> <span class='ocrx_word' id='word_1_424' title='bbox 830 2201 873 2240; x_wconf 86' lang='lat' dir='ltr'><strong>eos</strong></span> <span class='ocrx_word' id='word_1_425' title='bbox 895 2188 924 2240; x_wconf 86' lang='lat' dir='ltr'><strong>in</strong></span> <span class='ocrx_word' id='word_1_426' title='bbox 948 2189 1056 2240; x_wconf 84' lang='lat' dir='ltr'><strong>vineam</strong></span> <span class='ocrx_word' id='word_1_427' title='bbox 1080 2202 1169 2248; x_wconf 85' lang='lat' dir='ltr'><strong>suum,</strong></span> <span class='ocrx_word' id='word_1_428' title='bbox 1186 2184 1266 2256; x_wconf 77' lang='lat' dir='ltr'><strong>quasi</strong></span> <span class='ocrx_word' id='word_1_429' title='bbox 1287 2184 1323 2240; x_wconf 89' lang='lat' dir='ltr'><strong>ab</strong></span> 
     </span>
     <span class='ocr_line' id='line_1_82' title="bbox 738 2255 1323 2314; baseline 0.002 -3"><span class='ocrx_word' id='word_1_430' title='bbox 738 2255 818 2312; x_wconf 89' lang='lat' dir='ltr'><strong>initio</strong></span> <span class='ocrx_word' id='word_1_431' title='bbox 831 2256 908 2312; x_wconf 91' lang='lat' dir='ltr'><strong>misit</strong></span> <span class='ocrx_word' id='word_1_432' title='bbox 921 2258 956 2314; x_wconf 93' lang='lat' dir='ltr'><strong>ad</strong></span> <span class='ocrx_word' id='word_1_433' title='bbox 971 2258 1128 2314; x_wconf 85' lang='lat' dir='ltr'><strong>vocandum</strong></span> <span class='ocrx_word' id='word_1_434' title='bbox 1143 2258 1273 2313; x_wconf 84' lang='lat' dir='ltr'><strong>homines</strong></span> <span class='ocrx_word' id='word_1_435' title='bbox 1286 2256 1323 2313; x_wconf 94' lang='lat' dir='ltr'><strong>ad</strong></span> 
     </span>
     <span class='ocr_line' id='line_1_83' title="bbox 737 2328 1323 2401; baseline 0.002 -18"><span class='ocrx_word' id='word_1_436' title='bbox 737 2328 823 2384; x_wconf 90' lang='lat' dir='ltr'><strong>tidem</strong></span> <span class='ocrx_word' id='word_1_437' title='bbox 851 2329 1059 2401; x_wconf 81' lang='lat' dir='ltr'><strong>ltcdcnrptoris,</strong></span> <span class='ocrx_word' id='word_1_438' title='bbox 1078 2337 1106 2386; x_wconf 91' lang='lat' dir='ltr'><strong>et</strong></span> <span class='ocrx_word' id='word_1_439' title='bbox 1132 2329 1262 2385; x_wconf 79' lang='lat' dir='ltr'><strong>invitarit</strong></span> <span class='ocrx_word' id='word_1_440' title='bbox 1285 2328 1323 2385; x_wconf 88' lang='lat' dir='ltr'><strong>ad</strong></span> 
     </span>
     <span class='ocr_line' id='line_1_84' title="bbox 736 2400 1321 2473; baseline 0.009 -20"><span class='ocrx_word' id='word_1_441' title='bbox 736 2400 888 2456; x_wconf 79' lang='lat' dir='ltr'><strong>vivendum</strong></span> <span class='ocrx_word' id='word_1_442' title='bbox 902 2402 988 2472; x_wconf 84' lang='lat' dir='ltr'><strong>juste,</strong></span> <span class='ocrx_word' id='word_1_443' title='bbox 1004 2409 1031 2458; x_wconf 89' lang='lat' dir='ltr'><strong>el</strong></span> <span class='ocrx_word' id='word_1_444' title='bbox 1046 2404 1119 2458; x_wconf 88' lang='lat' dir='ltr'><strong>bene</strong></span> <span class='ocrx_word' id='word_1_445' title='bbox 1131 2401 1321 2473; x_wconf 88' lang='lat' dir='ltr'><strong>operandum.</strong></span> 
     </span>
    </p>

    <p class='ocr_par' dir='ltr' id='par_1_6' title="bbox 736 2475 1327 4391">
     <span class='ocr_line' id='line_1_85' title="bbox 771 2475 1323 2539; baseline 0 -12"><span class='ocrx_word' id='word_1_446' title='bbox 771 2475 875 2539; x_wconf 71' lang='lat' dir='ltr'><strong>Adule</strong></span> <span class='ocrx_word' id='word_1_447' title='bbox 891 2491 1108 2529; x_wconf 75' lang='lat' dir='ltr'><strong>rnrnrsrnmmas</strong></span> <span class='ocrx_word' id='word_1_448' title='bbox 1130 2491 1323 2539; x_wconf 78' lang='lat' dir='ltr'><strong>nonnssronus,</strong></span> 
     </span>
     <span class='ocr_line' id='line_1_86' title="bbox 737 2547 1324 2606; baseline 0 -7"><span class='ocrx_word' id='word_1_449' title='bbox 737 2561 824 2606; x_wconf 77' lang='lat' dir='ltr'><strong>usura</strong></span> <span class='ocrx_word' id='word_1_450' title='bbox 854 2561 887 2600; x_wconf 75' lang='lat' dir='ltr'><strong>ao</strong></span> <span class='ocrx_word' id='word_1_451' title='bbox 917 2562 1008 2601; x_wconf 78' lang='lat' dir='ltr'><strong>nonas</strong></span> <span class='ocrx_word' id='word_1_452' title='bbox 1036 2563 1199 2602; x_wconf 77' lang='lat' dir='ltr'><strong>usosmuuu.</strong></span> <span class='ocrx_word' id='word_1_453' title='bbox 1226 2575 1260 2586; x_wconf 92' lang='lat'>-</span> <span class='ocrx_word' id='word_1_454' title='bbox 1288 2547 1324 2599; x_wconf 82' lang='lat' dir='ltr'><strong>Et</strong></span> 
     </span>
     <span class='ocr_line' id='line_1_87' title="bbox 736 2615 1324 2688; baseline 0 -18"><span class='ocrx_word' id='word_1_455' title='bbox 736 2632 869 2684; x_wconf 76' lang='lat' dir='ltr'><strong>opressus,</strong></span> <span class='ocrx_word' id='word_1_456' title='bbox 886 2632 938 2688; x_wconf 91' lang='lat' dir='ltr'><strong>per</strong></span> <span class='ocrx_word' id='word_1_457' title='bbox 962 2618 1101 2688; x_wconf 87' lang='lat' dir='ltr'><strong>majorem</strong></span> <span class='ocrx_word' id='word_1_458' title='bbox 1122 2615 1324 2672; x_wconf 77' lang='lat' dir='ltr'><strong>manifestatio·</strong></span> 
     </span>
     <span class='ocr_line' id='line_1_88' title="bbox 738 2686 1322 2751; baseline -0.002 -9"><span class='ocrx_word' id='word_1_459' title='bbox 738 2703 803 2744; x_wconf 92' lang='lat' dir='ltr'><strong>nem</strong></span> <span class='ocrx_word' id='word_1_460' title='bbox 827 2690 902 2743; x_wconf 85' lang='lat' dir='ltr'><strong>circo</strong></span> <span class='ocrx_word' id='word_1_461' title='bbox 926 2689 1022 2743; x_wconf 80' lang='lat' dir='ltr'><strong>tiorum</strong></span> <span class='ocrx_word' id='word_1_462' title='bbox 1044 2692 1165 2751; x_wconf 84' lang='lat' dir='ltr'><strong>tertium,</strong></span> <span class='ocrx_word' id='word_1_463' title='bbox 1183 2686 1322 2743; x_wconf 87' lang='lat' dir='ltr'><strong>sciliceta</strong></span> 
     </span>
     <span class='ocr_line' id='line_1_89' title="bbox 736 2758 1323 2829; baseline -0.003 -15"><span class='ocrx_word' id='word_1_464' title='bbox 736 2764 863 2829; x_wconf 89' lang='lat' dir='ltr'><strong>tempore</strong></span> <span class='ocrx_word' id='word_1_465' title='bbox 875 2761 934 2815; x_wconf 78' lang='lat' dir='ltr'><strong>Noe</strong></span> <span class='ocrx_word' id='word_1_466' title='bbox 945 2761 1076 2829; x_wconf 70' lang='lat' dir='ltr'><strong>usquead</strong></span> <span class='ocrx_word' id='word_1_467' title='bbox 1088 2760 1242 2826; x_wconf 77' lang='lat' dir='ltr'><strong>Abraham,</strong></span> <span class='ocrx_word' id='word_1_468' title='bbox 1251 2758 1323 2813; x_wconf 87' lang='lat' dir='ltr'><strong>uidit</strong></span> 
     </span>
     <span class='ocr_line' id='line_1_90' title="bbox 736 2829 1323 2901; baseline -0.003 -16"><span class='ocrx_word' id='word_1_469' title='bbox 736 2846 787 2901; x_wconf 91' lang='lat' dir='ltr'><strong>per</strong></span> <span class='ocrx_word' id='word_1_470' title='bbox 800 2829 1012 2886; x_wconf 82' lang='lat' dir='ltr'><strong>miserationem</strong></span> <span class='ocrx_word' id='word_1_471' title='bbox 1024 2833 1094 2885; x_wconf 89' lang='lat' dir='ltr'><strong>otios</strong></span> <span class='ocrx_word' id='word_1_472' title='bbox 1105 2836 1209 2885; x_wconf 83' lang='lat' dir='ltr'><strong>stantes</strong></span> <span class='ocrx_word' id='word_1_473' title='bbox 1220 2833 1249 2882; x_wconf 88' lang='lat' dir='ltr'><strong>in</strong></span> <span class='ocrx_word' id='word_1_474' title='bbox 1261 2831 1323 2894; x_wconf 78' lang='lat' dir='ltr'><strong>soro</strong></span> 
     </span>
     <span class='ocr_line' id='line_1_91' title="bbox 737 2900 1323 2966; baseline -0.002 -12"><span class='ocrx_word' id='word_1_475' title='bbox 737 2905 848 2966; x_wconf 88' lang='lat' dir='ltr'><strong>otiosos,</strong></span> <span class='ocrx_word' id='word_1_476' title='bbox 865 2906 890 2954; x_wconf 90' lang='lat' dir='ltr'><strong>et</strong></span> <span class='ocrx_word' id='word_1_477' title='bbox 913 2902 989 2954; x_wconf 78' lang='lat' dir='ltr'><strong>dicit</strong></span> <span class='ocrx_word' id='word_1_478' title='bbox 1012 2902 1071 2953; x_wconf 87' lang='lat' dir='ltr'><strong>iltis</strong></span> <span class='ocrx_word' id='word_1_479' title='bbox 1092 2919 1099 2954; x_wconf 94' lang='lat'>:</span> <span class='ocrx_word' id='word_1_480' title='bbox 1118 2903 1157 2954; x_wconf 90' lang='lat' dir='ltr'><strong>lte</strong></span> <span class='ocrx_word' id='word_1_481' title='bbox 1183 2905 1208 2953; x_wconf 91' lang='lat' dir='ltr'><strong>ct</strong></span> <span class='ocrx_word' id='word_1_482' title='bbox 1226 2914 1274 2953; x_wconf 86' lang='lat' dir='ltr'><strong>eos</strong></span> <span class='ocrx_word' id='word_1_483' title='bbox 1292 2900 1323 2953; x_wconf 84' lang='lat' dir='ltr'><strong>in</strong></span> 
     </span>
     <span class='ocr_line' id='line_1_92' title="bbox 737 2970 1327 3038; baseline -0.005 -13"><span class='ocrx_word' id='word_1_484' title='bbox 737 2973 846 3025; x_wconf 80' lang='lat' dir='ltr'><strong>cineum</strong></span> <span class='ocrx_word' id='word_1_485' title='bbox 861 2986 959 3035; x_wconf 85' lang='lat' dir='ltr'><strong>mcurn,</strong></span> <span class='ocrx_word' id='word_1_486' title='bbox 976 2974 1001 3024; x_wconf 88' lang='lat' dir='ltr'><strong>et</strong></span> <span class='ocrx_word' id='word_1_487' title='bbox 1021 2970 1094 3038; x_wconf 77' lang='lat' dir='ltr'><strong>quod</strong></span> <span class='ocrx_word' id='word_1_488' title='bbox 1112 2970 1219 3037; x_wconf 83' lang='lat' dir='ltr'><strong>justum</strong></span> <span class='ocrx_word' id='word_1_489' title='bbox 1237 2971 1327 3035; x_wconf 76' lang='lat' dir='ltr'><strong>suerit</strong></span> 
     </span>
     <span class='ocr_line' id='line_1_93' title="bbox 738 3039 1325 3107; baseline 0 -12"><span class='ocrx_word' id='word_1_490' title='bbox 738 3042 810 3095; x_wconf 86' lang='lat' dir='ltr'><strong>dodo</strong></span> <span class='ocrx_word' id='word_1_491' title='bbox 825 3042 916 3107; x_wconf 84' lang='lat' dir='ltr'><strong>uobis;</strong></span> <span class='ocrx_word' id='word_1_492' title='bbox 933 3039 972 3095; x_wconf 91' lang='lat' dir='ltr'><strong>sic</strong></span> <span class='ocrx_word' id='word_1_493' title='bbox 986 3039 1072 3096; x_wconf 85' lang='lat' dir='ltr'><strong>etiam</strong></span> <span class='ocrx_word' id='word_1_494' title='bbox 1088 3039 1150 3095; x_wconf 90' lang='lat' dir='ltr'><strong>istis</strong></span> <span class='ocrx_word' id='word_1_495' title='bbox 1163 3040 1199 3095; x_wconf 89' lang='lat' dir='ltr'><strong>ad</strong></span> <span class='ocrx_word' id='word_1_496' title='bbox 1213 3039 1325 3095; x_wconf 84' lang='lat' dir='ltr'><strong>vincam</strong></span> 
     </span>
     <span class='ocr_line' id='line_1_94' title="bbox 737 3110 1324 3183; baseline 0 -16"><span class='ocrx_word' id='word_1_497' title='bbox 737 3110 866 3167; x_wconf 85' lang='lat' dir='ltr'><strong>invitatis</strong></span> <span class='ocrx_word' id='word_1_498' title='bbox 890 3111 1051 3167; x_wconf 86' lang='lat' dir='ltr'><strong>mercedem</strong></span> <span class='ocrx_word' id='word_1_499' title='bbox 1072 3110 1251 3183; x_wconf 88' lang='lat' dir='ltr'><strong>promittens.</strong></span> <span class='ocrx_word' id='word_1_500' title='bbox 1275 3113 1324 3167; x_wconf 90' lang='lat' dir='ltr'><strong>Se·</strong></span> 
     </span>
     <span class='ocr_line' id='line_1_95' title="bbox 739 3184 1324 3256; baseline 0.002 -17"><span class='ocrx_word' id='word_1_501' title='bbox 739 3184 863 3239; x_wconf 91' lang='lat' dir='ltr'><strong>cundum</strong></span> <span class='ocrx_word' id='word_1_502' title='bbox 891 3185 1125 3252; x_wconf 80' lang='lat' dir='ltr'><strong>Ctrpsostomum,</strong></span> <span class='ocrx_word' id='word_1_503' title='bbox 1154 3199 1205 3256; x_wconf 91' lang='lat' dir='ltr'><strong>per</strong></span> <span class='ocrx_word' id='word_1_504' title='bbox 1232 3184 1324 3241; x_wconf 90' lang='lat' dir='ltr'><strong>lorum</strong></span> 
     </span>
     <span class='ocr_line' id='line_1_96' title="bbox 739 3255 1322 3329; baseline 0.003 -18"><span class='ocrx_word' id='word_1_505' title='bbox 739 3255 861 3311; x_wconf 91' lang='lat' dir='ltr'><strong>mundus</strong></span> <span class='ocrx_word' id='word_1_506' title='bbox 877 3255 1024 3328; x_wconf 83' lang='lat' dir='ltr'><strong>accipitur,</strong></span> <span class='ocrx_word' id='word_1_507' title='bbox 1040 3255 1069 3312; x_wconf 91' lang='lat' dir='ltr'><strong>in</strong></span> <span class='ocrx_word' id='word_1_508' title='bbox 1089 3272 1145 3329; x_wconf 92' lang='lat' dir='ltr'><strong>quo</strong></span> <span class='ocrx_word' id='word_1_509' title='bbox 1160 3256 1322 3326; x_wconf 72' lang='lat' dir='ltr'><strong>calumniae,</strong></span> 
     </span>
     <span class='ocr_line' id='line_1_97' title="bbox 739 3327 1324 3399; baseline 0.007 -17"><span class='ocrx_word' id='word_1_510' title='bbox 739 3327 870 3399; x_wconf 80' lang='lat' dir='ltr'><strong>injuriae,</strong></span> <span class='ocrx_word' id='word_1_511' title='bbox 899 3328 1115 3397; x_wconf 86' lang='lat' dir='ltr'><strong>contentiones,</strong></span> <span class='ocrx_word' id='word_1_512' title='bbox 1146 3328 1324 3386; x_wconf 88' lang='lat' dir='ltr'><strong>diversorum</strong></span> 
     </span>
     <span class='ocr_line' id='line_1_98' title="bbox 739 3399 1323 3474; baseline 0.007 -19"><span class='ocrx_word' id='word_1_513' title='bbox 739 3399 917 3471; x_wconf 84' lang='lat' dir='ltr'><strong>negotiorum</strong></span> <span class='ocrx_word' id='word_1_514' title='bbox 940 3401 1121 3458; x_wconf 85' lang='lat' dir='ltr'><strong>ditticultates</strong></span> <span class='ocrx_word' id='word_1_515' title='bbox 1141 3417 1255 3474; x_wconf 88' lang='lat' dir='ltr'><strong>semper</strong></span> <span class='ocrx_word' id='word_1_516' title='bbox 1276 3406 1323 3459; x_wconf 91' lang='lat' dir='ltr'><strong>tu·</strong></span> 
     </span>
     <span class='ocr_line' id='line_1_99' title="bbox 738 3472 1323 3541; baseline 0.007 -15"><span class='ocrx_word' id='word_1_517' title='bbox 738 3472 898 3541; x_wconf 82' lang='lat' dir='ltr'><strong>muttuosae,</strong></span> <span class='ocrx_word' id='word_1_518' title='bbox 914 3477 942 3528; x_wconf 93' lang='lat' dir='ltr'><strong>ct</strong></span> <span class='ocrx_word' id='word_1_519' title='bbox 957 3473 1055 3529; x_wconf 91' lang='lat' dir='ltr'><strong>omnia</strong></span> <span class='ocrx_word' id='word_1_520' title='bbox 1070 3474 1183 3530; x_wconf 89' lang='lat' dir='ltr'><strong>venalia</strong></span> <span class='ocrx_word' id='word_1_521' title='bbox 1199 3479 1274 3531; x_wconf 90' lang='lat' dir='ltr'><strong>sunt.</strong></span> <span class='ocrx_word' id='word_1_522' title='bbox 1291 3476 1323 3530; x_wconf 91' lang='lat' dir='ltr'><strong>ln</strong></span> 
     </span>
     <span class='ocr_line' id='line_1_100' title="bbox 738 3542 1323 3612; baseline 0.005 -14"><span class='ocrx_word' id='word_1_523' title='bbox 738 3542 791 3599; x_wconf 91' lang='lat' dir='ltr'><strong>isto</strong></span> <span class='ocrx_word' id='word_1_524' title='bbox 818 3543 890 3612; x_wconf 89' lang='lat' dir='ltr'><strong>loro,</strong></span> <span class='ocrx_word' id='word_1_525' title='bbox 915 3544 1017 3600; x_wconf 77' lang='lat' dir='ltr'><strong>animm</strong></span> <span class='ocrx_word' id='word_1_526' title='bbox 1038 3545 1184 3602; x_wconf 86' lang='lat' dir='ltr'><strong>homiuum</strong></span> <span class='ocrx_word' id='word_1_527' title='bbox 1209 3544 1323 3601; x_wconf 79' lang='lat' dir='ltr'><strong>venales</strong></span> 
     </span>
     <span class='ocr_line' id='line_1_101' title="bbox 737 3618 1321 3686; baseline 0.003 -17"><span class='ocrx_word' id='word_1_528' title='bbox 737 3622 924 3686; x_wconf 89' lang='lat' dir='ltr'><strong>exponuntur.</strong></span> <span class='ocrx_word' id='word_1_529' title='bbox 947 3618 1118 3674; x_wconf 88' lang='lat' dir='ltr'><strong>Mercatores</strong></span> <span class='ocrx_word' id='word_1_530' title='bbox 1143 3618 1198 3673; x_wconf 92' lang='lat' dir='ltr'><strong>duo</strong></span> <span class='ocrx_word' id='word_1_531' title='bbox 1224 3622 1289 3672; x_wconf 84' lang='lat' dir='ltr'><strong>sunt</strong></span> <span class='ocrx_word' id='word_1_532' title='bbox 1313 3633 1321 3671; x_wconf 79' lang='lat' dir='ltr'><strong>t</strong></span> 
     </span>
     <span class='ocr_line' id='line_1_102' title="bbox 738 3686 1319 3757; baseline 0.002 -16"><span class='ocrx_word' id='word_1_533' title='bbox 738 3687 811 3743; x_wconf 84' lang='lat' dir='ltr'><strong>Deus</strong></span> <span class='ocrx_word' id='word_1_534' title='bbox 832 3692 860 3742; x_wconf 89' lang='lat' dir='ltr'><strong>et</strong></span> <span class='ocrx_word' id='word_1_535' title='bbox 881 3686 1021 3745; x_wconf 88' lang='lat' dir='ltr'><strong>diabolus.</strong></span> <span class='ocrx_word' id='word_1_536' title='bbox 1045 3689 1164 3757; x_wconf 85' lang='lat' dir='ltr'><strong>Quidam</strong></span> <span class='ocrx_word' id='word_1_537' title='bbox 1187 3687 1228 3744; x_wconf 89' lang='lat' dir='ltr'><strong>sic</strong></span> <span class='ocrx_word' id='word_1_538' title='bbox 1251 3686 1319 3743; x_wconf 80' lang='lat' dir='ltr'><strong>cauci</strong></span> 
     </span>
     <span class='ocr_line' id='line_1_103' title="bbox 738 3757 1324 3832; baseline -0.002 -19"><span class='ocrx_word' id='word_1_539' title='bbox 738 3763 813 3819; x_wconf 91' lang='lat' dir='ltr'><strong>sunt,</strong></span> <span class='ocrx_word' id='word_1_540' title='bbox 832 3763 862 3813; x_wconf 91' lang='lat' dir='ltr'><strong>ut</strong></span> <span class='ocrx_word' id='word_1_541' title='bbox 885 3759 1008 3814; x_wconf 82' lang='lat' dir='ltr'><strong>vendant</strong></span> <span class='ocrx_word' id='word_1_542' title='bbox 1029 3761 1173 3832; x_wconf 90' lang='lat' dir='ltr'><strong>propriam</strong></span> <span class='ocrx_word' id='word_1_543' title='bbox 1197 3757 1324 3814; x_wconf 90' lang='lat' dir='ltr'><strong>animam</strong></span> 
     </span>
     <span class='ocr_line' id='line_1_104' title="bbox 738 3829 1321 3908; baseline -0.005 -23"><span class='ocrx_word' id='word_1_544' title='bbox 738 3829 852 3885; x_wconf 85' lang='lat' dir='ltr'><strong>diabolo</strong></span> <span class='ocrx_word' id='word_1_545' title='bbox 880 3845 931 3901; x_wconf 91' lang='lat' dir='ltr'><strong>pro</strong></span> <span class='ocrx_word' id='word_1_546' title='bbox 961 3829 1008 3885; x_wconf 83' lang='lat' dir='ltr'><strong>vili</strong></span> <span class='ocrx_word' id='word_1_547' title='bbox 1038 3832 1147 3903; x_wconf 90' lang='lat' dir='ltr'><strong>pretio,</strong></span> <span class='ocrx_word' id='word_1_548' title='bbox 1177 3829 1251 3908; x_wconf 37' lang='lat' dir='ltr'><strong>qnia·</strong></span> <span class='ocrx_word' id='word_1_549' title='bbox 1271 3843 1321 3898; x_wconf 89' lang='lat' dir='ltr'><strong>pro</strong></span> 
     </span>
     <span class='ocr_line' id='line_1_105' title="bbox 739 3901 1321 3972; baseline -0.005 -16"><span class='ocrx_word' id='word_1_550' title='bbox 739 3901 850 3956; x_wconf 89' lang='lat' dir='ltr'><strong>modica</strong></span> <span class='ocrx_word' id='word_1_551' title='bbox 869 3902 1019 3972; x_wconf 83' lang='lat' dir='ltr'><strong>praesentis</strong></span> <span class='ocrx_word' id='word_1_552' title='bbox 1037 3904 1102 3959; x_wconf 85' lang='lat' dir='ltr'><strong>vitae</strong></span> <span class='ocrx_word' id='word_1_553' title='bbox 1119 3903 1321 3966; x_wconf 81' lang='lat' dir='ltr'><strong>delectatione,</strong></span> 
     </span>
     <span class='ocr_line' id='line_1_106' title="bbox 739 3970 1324 4048; baseline -0.012 -20"><span class='ocrx_word' id='word_1_554' title='bbox 739 3980 770 4028; x_wconf 92' lang='lat' dir='ltr'><strong>ut</strong></span> <span class='ocrx_word' id='word_1_555' title='bbox 792 3973 884 4044; x_wconf 79' lang='lat' dir='ltr'><strong>gulosi</strong></span> <span class='ocrx_word' id='word_1_556' title='bbox 909 3981 937 4030; x_wconf 93' lang='lat' dir='ltr'><strong>ct</strong></span> <span class='ocrx_word' id='word_1_557' title='bbox 961 3974 1113 4040; x_wconf 81' lang='lat' dir='ltr'><strong>luxuriosi3</strong></span> <span class='ocrx_word' id='word_1_558' title='bbox 1137 3970 1254 4041; x_wconf 84' lang='lat' dir='ltr'><strong>quidam</strong></span> <span class='ocrx_word' id='word_1_559' title='bbox 1274 3983 1324 4048; x_wconf 83' lang='lat' dir='ltr'><strong>pro</strong></span> 
     </span>
     <span class='ocr_line' id='line_1_107' title="bbox 739 4038 1324 4119; baseline -0.017 -19"><span class='ocrx_word' id='word_1_560' title='bbox 739 4043 895 4101; x_wconf 86' lang='lat' dir='ltr'><strong>honoribus</strong></span> <span class='ocrx_word' id='word_1_561' title='bbox 907 4051 935 4101; x_wconf 90' lang='lat' dir='ltr'><strong>et</strong></span> <span class='ocrx_word' id='word_1_562' title='bbox 944 4045 1035 4117; x_wconf 84' lang='lat' dir='ltr'><strong>gloria</strong></span> <span class='ocrx_word' id='word_1_563' title='bbox 1047 4042 1155 4108; x_wconf 91' lang='lat' dir='ltr'><strong>mundi,</strong></span> <span class='ocrx_word' id='word_1_564' title='bbox 1167 4046 1196 4094; x_wconf 93' lang='lat' dir='ltr'><strong>ut</strong></span> <span class='ocrx_word' id='word_1_565' title='bbox 1208 4038 1324 4119; x_wconf 73' lang='lat' dir='ltr'><strong>superor</strong></span> 
     </span>
     <span class='ocr_line' id='line_1_108' title="bbox 738 4107 1325 4188; baseline -0.014 -17"><span class='ocrx_word' id='word_1_566' title='bbox 738 4123 766 4171; x_wconf 91' lang='lat' dir='ltr'><strong>et</strong></span> <span class='ocrx_word' id='word_1_567' title='bbox 782 4131 852 4172; x_wconf 89' lang='lat' dir='ltr'><strong>vane</strong></span> <span class='ocrx_word' id='word_1_568' title='bbox 867 4116 1002 4188; x_wconf 84' lang='lat' dir='ltr'><strong>gloriosi;</strong></span> <span class='ocrx_word' id='word_1_569' title='bbox 1019 4114 1135 4185; x_wconf 86' lang='lat' dir='ltr'><strong>quidam</strong></span> <span class='ocrx_word' id='word_1_570' title='bbox 1152 4125 1203 4180; x_wconf 94' lang='lat' dir='ltr'><strong>pro</strong></span> <span class='ocrx_word' id='word_1_571' title='bbox 1219 4107 1325 4163; x_wconf 82' lang='lat' dir='ltr'><strong>divltns</strong></span> 
     </span>
     <span class='ocr_line' id='line_1_109' title="bbox 738 4183 1326 4258; baseline -0.012 -16"><span class='ocrx_word' id='word_1_572' title='bbox 738 4187 863 4244; x_wconf 84' lang='lat' dir='ltr'><strong>elbonis</strong></span> <span class='ocrx_word' id='word_1_573' title='bbox 879 4185 1095 4258; x_wconf 77' lang='lat' dir='ltr'><strong>temporalibus,</strong></span> <span class='ocrx_word' id='word_1_574' title='bbox 1108 4185 1138 4235; x_wconf 92' lang='lat' dir='ltr'><strong>ul</strong></span> <span class='ocrx_word' id='word_1_575' title='bbox 1154 4184 1282 4258; x_wconf 86' lang='lat' dir='ltr'><strong>raptores</strong></span> <span class='ocrx_word' id='word_1_576' title='bbox 1297 4183 1326 4235; x_wconf 92' lang='lat' dir='ltr'><strong>et</strong></span> 
     </span>
     <span class='ocr_line' id='line_1_110' title="bbox 738 4251 1325 4330; baseline -0.01 -16"><span class='ocrx_word' id='word_1_577' title='bbox 738 4258 826 4314; x_wconf 54' lang='lat' dir='ltr'><strong>arari,</strong></span> <span class='ocrx_word' id='word_1_578' title='bbox 837 4259 933 4315; x_wconf 87' lang='lat' dir='ltr'><strong>Talem</strong></span> <span class='ocrx_word' id='word_1_579' title='bbox 946 4259 1134 4310; x_wconf 89' lang='lat' dir='ltr'><strong>mercatorem</strong></span> <span class='ocrx_word' id='word_1_580' title='bbox 1146 4251 1287 4330; x_wconf 78' lang='lat' dir='ltr'><strong>ingramus</strong></span> <span class='ocrx_word' id='word_1_581' title='bbox 1296 4255 1325 4307; x_wconf 91' lang='lat' dir='ltr'><strong>et</strong></span> 
     </span>
     <span class='ocr_line' id='line_1_111' title="bbox 738 4321 1323 4391; baseline -0.009 -7"><span class='ocrx_word' id='word_1_582' title='bbox 738 4330 896 4388; x_wconf 88' lang='lat' dir='ltr'><strong>vendamus</strong></span> <span class='ocrx_word' id='word_1_583' title='bbox 924 4325 1036 4382; x_wconf 87' lang='lat' dir='ltr'><strong>animas</strong></span> <span class='ocrx_word' id='word_1_584' title='bbox 1062 4328 1175 4378; x_wconf 80' lang='lat' dir='ltr'><strong>nostras</strong></span> <span class='ocrx_word' id='word_1_585' title='bbox 1200 4321 1323 4391; x_wconf 83' lang='lat' dir='ltr'><strong>Christo,</strong></span> 
     </span>
    </p>
   </div>
   <div class='ocr_carea' id='block_1_4' title="bbox 0 0 1424 4928">
    <p class='ocr_par' dir='ltr' id='par_1_7' title="bbox 0 0 1424 4928">
     <span class='ocr_line' id='line_1_112' title="bbox 0 0 1424 4928; baseline 0 0"><span class='ocrx_word' id='word_1_586' title='bbox 0 0 1424 4928; x_wconf 95' lang='lat' dir='ltr'><strong> </strong></span> 
     </span>
    </p>
   </div>
  </div>
 </body>
</html>
