2820 4928
425 365 467 419 llll
495 362 723 419 rsflrscrtehs
749 361 992 418 rturshrlrls.
1294 349 1324 407 Β

95 475 184 546 plices
199 481 229 533 et
241 471 375 543 humiles,
401 486 488 544 puros
514 476 542 528 et
560 471 680 528 devotos
728 473 754 530 A
788 487 865 542 erpes
877 471 1078 541 mebyssopoet
1091 465 1256 534 mamdebor,
1270 462 1320 517 hu·

95 545 200 619 diligit,
212 552 238 604 et
247 549 387 617 imponens
398 559 496 599 menta
509 559 592 625 reaper
604 544 681 612 ittos,
730 544 766 601 mi
779 543 787 600 i
801 544 893 601 herba
910 559 943 599 ae
958 542 1080 612 pectoris
1092 535 1247 612 purgativa
1262 535 1316 590 hu·

95 624 129 674 ut
147 620 215 674 viris
243 614 452 674 continentibus
479 621 602 696 gratiam
635 613 680 670 sui
731 615 880 672 militatem
906 614 1082 686 significans.
1104 613 1161 668 llac
1191 624 1222 665 se
1252 609 1318 686 post

95 688 193 746 auxilii
207 688 410 746 conterendam
423 686 614 758 significarem
633 686 680 740 be·
729 703 845 760 gravem
862 688 973 757 lapsum
992 702 1041 743 rex
1057 685 1204 756 Propheta
1229 678 1319 759 lavari

94 761 237 818 nedtcebet
250 776 304 829 eos,
326 759 423 832 aliqua
443 758 535 816 vocali
560 755 680 816 henedi-
729 758 864 825 conlidit,
881 763 911 815 et
928 759 970 814 sic
984 756 1096 814 invenit
1108 752 1266 828 quemdam
1278 763 1320 804 rn-

94 831 198 901 ctione,
212 831 388 913 queescripta
399 846 457 888 non
472 835 528 898 est,
542 836 572 886 ut
587 827 679 887 humi·
728 832 869 887 nocentiae
881 834 1056 899 recuperatae
1064 827 1232 885 candorem.
1246 843 1261 872 »ι

91 901 134 959 les
145 906 189 960 sui
206 903 404 961 benedictione
418 901 523 973 dignos
541 901 680 959 ostende·
766 904 920 976 9Doumus
935 917 1066 958 rnnvums
1082 916 1171 956 ussus
1183 908 1319 952 rurouess

90 979 144 1031 ret.
161 974 206 1032 Sic
217 973 405 1048 spiritualiter
417 972 546 1046 quotidie
565 971 680 1030 humili·
729 973 960 1031 Cosmmmrroms
972 988 1164 1029 accensemus
1173 980 1317 1025 msrrruir.

87 1045 254 1103 busmanus
272 1046 312 1103 im
334 1044 405 1114 unit,
422 1043 545 1100 cumeis
575 1044 680 1101 ratiam
730 1075 765 1085 -
789 1045 985 1102 Etsciendum
1007 1044 1084 1114 quod
1106 1040 1234 1099 Christus
1257 1050 1317 1092 ma·

90 1122 120 1173 et
127 1117 270 1200 'auxilium
275 1061 381 1198 reiicit
395 1114 545 1198 ¹quoniam
555 1061 683 1172 inmites
731 1131 794 1197 nus·
807 1115 978 1197 imponendo
999 1113 1123 1187 parvulis
1142 1108 1265 1169 instituit
1277 1180 1281 1188 Ι
1291 1110 1320 1163 el

88 1188 684 1315 trititiam{irradiabit
732 1191 1092 1315 tb'tltshlltltltl
1112 1183 1321 1311 bilibit}

92 1331 248 1410 tramitibus
265 1327 437 1410 'catomum
459 1274 490 1384 ie
508 1328 641 1385 manibus
654 1307 683 1389 ei
731 1276 886 1402 hpcistrilis.
905 1328 985 1385 Unde
1006 1271 1115 1399 parruii
1132 1325 1161 1381 in
1178 1320 1323 1404 frontibus

91 1406 230 1471 potestatr
246 1415 309 1471 eJus
322 1399 540 1470 subjiciuntdet
549 1404 680 1469 pretium.
731 1400 885 1457 chrismate
904 1399 1109 1468 consignantur
1136 1398 1172 1453 ah
1200 1397 1321 1462 Episco-

93 1473 128 1528 1n
149 1486 207 1543 quo
217 1471 368 1527 humilium
379 1471 500 1542 dignitas
513 1473 680 1543 ostendit-ur,
730 1471 837 1544 pis,qui
852 1474 880 1528 in
891 1470 1071 1528 EcclesiaDei
1082 1470 1176 1526 locum
1187 1465 1322 1522 obtinent

91 1542 143 1623 qui
158 1547 239 1598 tauta
258 1542 334 1597 bona
354 1548 507 1598 merentur.
536 1543 615 1599 Unde
637 1543 680 1600 ‹ti-
727 1544 944 1616 Apostolorum
958 1559 1009 1612 per
1019 1541 1231 1614 impositionem
1242 1534 1319 1592 euim

87 1618 129 1670 ert
147 1616 344 1682 Hieronymus,
363 1612 439 1683 quod
458 1612 603 1669 humilitas
620 1617 680 1673 sola
728 1630 866 1672 manuum
884 1616 1095 1684 Arrestolorum.
1116 1610 1320 1669 conserebatur

84 1684 267 1741 observatrix
287 1687 331 1738 est
354 1690 505 1755 custosque
530 1687 677 1757 virtutum,
728 1686 848 1757 Spiritus
865 1686 1044 1752 Sanctus,ad
1057 1684 1145 1741 robur
1160 1689 1189 1739 et
1210 1679 1316 1738 coudr-

84 1762 116 1813 et
129 1754 203 1812 nihil
218 1758 262 1812 est
279 1753 358 1836 quod
377 1756 416 1810 ita
431 1756 489 1811 Deo
502 1763 618 1828 gratum
632 1758 677 1814 la·
727 1760 883 1815 mationem
897 1757 1040 1823 fidelium,
1056 1756 1136 1828 cujus
1156 1750 1318 1825 impositio·

85 1828 195 1908 clatet
218 1827 393 1907 hominibus,
415 1831 555 1897 quantum
570 1831 593 1884 si
609 1831 675 1887 ritae
727 1829 771 1886 nis
791 1845 927 1886 manuum
959 1829 1054 1886 locum
1080 1825 1192 1884 obtinet
1217 1821 1319 1896 praedi·

86 1904 192 1955 merito
208 1913 316 1969 magni,
330 1896 382 1953 sed
403 1896 566 1956 humilitate
585 1899 678 1958 intimi
727 1907 803 1958 ctum
818 1902 1047 1958 Sacramentum.
1064 1900 1224 1956 Considera
1244 1910 1320 1950 nunc

88 1968 249 2026 uideamur.
266 1971 300 2024 Et
324 1970 396 2025 hene
411 1969 535 2026 humiles
551 1972 678 2043 parvulis
728 1978 864 2046 quantum
887 1972 1019 2029 Christus
1049 1968 1274 2042 simplicitatem,
1291 1970 1320 2020 et

90 2045 121 2097 et
145 2039 347 2097 innocentibus
375 2042 569 2112 comparavit3
608 2043 679 2115 quia
728 2043 929 2109 humilitatem,
946 2060 979 2100 ac
996 2041 1195 2097 innocentiam
1210 2052 1322 2109 parru-

89 2111 237 2170 humilitas
246 2112 677 2194 maculaspeccatorumlavare,
729 2117 821 2172 lorum
834 2114 926 2186 diligit
941 2113 1046 2186 quibus
1066 2116 1147 2166 tanta
1166 2107 1320 2166 lamiliari-

89 2190 118 2240 et
143 2183 337 2241 innocentiam
369 2183 489 2240 reddere
518 2185 676 2244 consuerit.
729 2185 839 2244 tatiset
858 2183 1165 2255 benevolentiaestgna
1184 2178 1319 2245 ostendit,

85 2255 168 2337 Unde
180 2255 221 2337 ait
233 2255 392 2312 benardus
407 2271 415 2309 ε
436 2277 452 2306 «
466 2257 559 2313 Decor
572 2256 677 2315 animae
729 2265 757 2315 et
770 2258 886 2315 studeas
898 2273 949 2330 pro
965 2272 1045 2328 posse
1054 2256 1190 2328 parvulos
1203 2252 1319 2319 imitari,

83 2326 233 2383 humrlrlas
246 2333 299 2383 est.
317 2327 351 2381 Et
364 2341 455 2382 nona
480 2344 524 2384 me
546 2329 608 2400 ipso
622 2330 677 2386 hoc
729 2335 757 2386 et
771 2333 891 2386 virtutes
915 2345 1015 2386 eorum
1039 2329 1206 2394 habereut
1227 2324 1320 2379 valeas·

85 2397 161 2468 dico,
187 2413 252 2455 eum
277 2397 421 2470 Propheta
447 2397 527 2470 prior
553 2399 675 2458 dixerit:
729 2418 792 2458 cum
803 2402 872 2473 ipsis
882 2400 1148 2473 reguumcoelorum
1159 2395 1316 2470 possidere.

635 2600 763 2659 ORATIO

103 2762 243 2847 'Domine
257 2767 323 2823 lesu
338 2766 457 2836 Christe,
470 2767 519 2851 qui
539 2785 591 2826 nos
605 2770 642 2827 ad
659 2768 864 2829 continentiam
877 2788 906 2827 es
921 2772 1063 2836 hortatus,
1077 2767 1114 2822 da
1129 2762 1206 2836 qnod
1219 2763 1317 2818 horta-

85 2852 139 2918 ris,
154 2841 183 2892 et
197 2837 297 2894 tribue
312 2837 382 2895 mihi
396 2838 489 2911 fragili
509 2839 670 2897 castitatem
686 2842 791 2899 mentis
804 2849 835 2898 et
850 2842 996 2910 corporis;
1012 2847 1043 2895 et
1061 2836 1109 2908 qui
1124 2835 1261 2913 parrulos
1278 2848 1323 2886 re·

87 2908 200 2989 mre-ad
216 2913 244 2965 te
263 2909 386 2979 voluisti,
402 2915 430 2966 ct
445 2910 486 2966 eis
502 2927 605 2968 manus
622 2911 773 2984 imponens
789 2911 970 2977 benedixisti,
983 2914 1090 2977 praesta
1105 2906 1187 2972 mihi,
1205 2918 1320 2964 misero,

88 2986 122 3036 ut
140 2994 194 3035 srm
209 2981 343 3049 parvulus
356 2980 385 3037 in
399 2981 488 3038 oculis
506 2981 589 3048 meis,
605 2988 744 3052 quatenus
754 2983 877 3053 gratiam
892 2979 1037 3036 inveniam
1047 2978 1077 3032 in
1093 2974 1182 3030 oculis
1191 2976 1255 3054 'tuae'
1267 2988 1324 3027 ma-

85 3050 217 3122 Ῐθὸῐὸῐῑὸἱ
233 3056 262 3107 et
283 3053 358 3124 quod
373 3053 484 3125 parvuli
509 3052 655 3124 possident
671 3067 724 3122 per
743 3058 885 3115 naturam,
901 3067 954 3124 ego
977 3061 1137 3118 consequar
1160 3058 1321 3100 misericor·

88 3121 166 3203 diter
184 3137 233 3192 per
244 3126 364 3194 gratiam
378 3135 467 3194 tuam,
481 3128 512 3179 ut
526 3123 636 3179 meritis
653 3122 780 3179 omnium
796 3123 979 3194 parvulorum
994 3126 1024 3177 et
1036 3117 1186 3176 humilium
1197 3116 1245 3173 tibi
1261 3117 1318 3187 pla·

90 3196 226 3255 centlum.
239 3210 303 3266 ego,
323 3196 440 3252 ultimus
456 3194 597 3263 omnium,
618 3200 645 3252 te
660 3201 780 3256 rectore.
796 3199 824 3251 te
838 3194 920 3266 duce,
938 3209 1050 3251 merear
1062 3193 1098 3248 acl
1115 3195 1142 3248 te
1157 3188 1318 3262 pervenire,

89 3269 120 3320 et
133 3279 151 3320 a
166 3270 193 3319 te
208 3265 405 3324 benedictione
419 3266 448 3323 in
462 3265 624 3324 celestibus
638 3267 795 3324 munerari.
810 3267 913 3327 Amen.

601 3594 741 3669 CAPUT
759 3598 805 3669 xl

474 3823 511 3866 lli*¹
527 3819 726 3865 PBRFECTIONE
743 3817 960 3862 ravennensis,

432 3991 556 4052 Matthaei
571 4007 632 4063 cup.
649 3992 719 4062 xlx,
736 3995 766 4047 et
780 3988 866 4046 blerci
886 4005 948 4062 rap.
968 3990 1000 4045 λ’.

129 4221 139 4254 ι
162 4198 523 4268 Narenoscs,ms1[lccs.
547 4225 581 4236 -
595 4190 680 4250 liabi-
733 4196 777 4249 ter
799 4192 859 4262 agit
887 4190 922 4246 de
945 4177 1123 4259 perfectione
1138 4172 1325 4251 paupertatis.

88 4274 119 4326 to
145 4270 182 4326 de
197 4269 372 4342 perfectione
396 4265 548 4336 castitatis,
563 4271 593 4322 et
604 4266 681 4320 obe·
732 4267 768 4320 Et
781 4277 922 4319 seccanae
933 4255 1050 4328 puidam
1062 4250 1240 4313 adolescens,
1250 4260 1326 4301 acce-

87 4340 207 4399 dientiae
229 4357 281 4399 seu
304 4337 486 4408 humilitatis,
501 4350 679 4410 consequen·
732 4336 799 4390 dens
814 4340 844 4391 et
857 4347 932 4400 penu
949 4328 1100 4398 peccante
1118 4323 1222 4388 lesam,
1234 4331 1326 4388 ¹repo·
