2842 4920
140 292 182 349 DE
208 295 395 350 enutriens
423 297 542 362 vibus,
569 284 614 353 ac'
638 299 806 354 ruthtsatt
835 299 873 353 El*
900 298 1087 353 rusticitat
1114 300 1207 354 onst.
1262 299 1306 357 199

69 399 143 457 telis
161 399 246 461 nolis,
266 399 466 457 humiliaberis
488 401 612 459 diabolo.
631 406 664 460 ut

67 470 136 528 ideo
151 478 251 528 caveat
266 471 386 543 quisque
404 489 438 527 ne
453 472 507 528 sibi
528 476 662 546 superbia

68 544 254 610 dominetur,
268 545 346 614 apula,
363 548 392 599 ut
407 543 446 599 ait
465 546 662 618 diapenticus:

67 637 82 666 a
103 616 153 671 Vae.
168 614 278 670 homiui
300 614 380 687 cujus
403 614 504 688 auriga
527 618 663 688 superbia

67 687 128 742 cstl
146 689 266 743 Necesse
286 694 329 741 cst
345 684 420 742 euim
437 695 467 743 ut
486 687 513 742 ln
536 705 663 771 praeceps

68 763 125 813 eat.
150 778 165 810 u
188 757 215 814 Si
237 756 450 814 considerandus
471 760 577 816 exitum
598 778 660 817 rer:

67 827 97 885 in
111 828 242 885 Lucifero
253 827 452 900 superbiente,
467 837 494 886 et
509 830 538 885 iu
551 831 662 888 Christo

66 900 259 969 humiliante;
278 900 309 956 in
329 903 385 958 Eva
400 901 485 969 eluta,
509 908 537 957 et
553 902 581 958 in
598 903 662 959 Vic-

66 971 137 1043 gine
152 971 318 1040 humiliata;
338 971 367 1028 in
389 972 475 1029 dicite
495 980 662 1046 purpurato,

67 1050 93 1098 et
110 1043 140 1099 in
153 1045 259 1100 Lazaro
275 1044 416 1112 ulecrat03
431 1043 460 1099 in
474 1046 619 1101 Pharisaeo
633 1062 662 1103 se

66 1116 233 1184 extollente,
247 1122 275 1170 et
287 1113 315 1171 in
329 1114 485 1172 Publicauo
496 1116 662 1187 pcciritcnte,

67 1187 230 1243 videbimus
246 1185 393 1243 rrianilcste
410 1204 495 1268 qrrarm
512 1205 608 1243 riarum
626 1188 662 1245 sit

66 1257 145 1329 quod
159 1258 205 1313 hic
218 1258 356 1315 Dominus
371 1257 450 1326 dicit,
464 1259 531 1329 cruia
545 1283 551 1316 z
567 1261 661 1317 Omitte

65 1333 118 1455 gui
134 1346 163 1384 se
183 1332 290 1386 earcdtut
307 1331 503 1385 humiliabitur
519 1336 544 1386 et
564 1335 614 1403 qui
632 1349 661 1388 se

86 1404 200 1456 umitiut
224 1402 404 1456 enodabitur.
433 1403 466 1457 Et
494 1401 558 1458 ideo
588 1404 659 1460 bene

65 1469 135 1527 dicit
151 1471 269 1542 quidam
291 1471 478 1543 philosophus
495 1492 501 1530 :
520 1476 597 1530 inter
612 1491 659 1531 sa·

65 1542 178 1613 pientes
203 1544 359 1612 sapientior
381 1551 433 1605 cst..
451 1544 499 1615 qui
523 1545 659 1603 lrrrndliur

63 1617 118 1671 est.
137 1613 189 1671 llic
215 1619 309 1670 autem
335 1615 502 1682 versiculus,
519 1615 627 1672 scilicet
648 1635 655 1673 ε

63 1686 161 1742 Omitte
176 1689 226 1756 ptri
240 1702 268 1740 se
282 1687 390 1742 exaltat
407 1688 614 1752 larcrnilinbitnr,
630 1694 657 1745 et

62 1759 158 1828 quise
183 1758 313 1813 bunailiat
330 1759 513 1826 eacrltnbitur,
534 1758 618 1815 toties
640 1776 656 1816 a

61 1828 189 1885 Domino
203 1827 232 1884 in
247 1829 401 1900 Evangelio
415 1829 534 1886 iteratur
546 1847 553 1884 ε
564 1836 595 1886 nt
609 1831 656 1887 de-

64 1905 172 1972 primat
184 1899 358 1971 superbiam,
372 1917 457 1969 apuam
467 1917 656 1969 staperomnra

62 1970 135 2027 ritia
151 1972 324 2040 detestatum
340 1977 367 2027 ot
379 1971 569 2029 humilitatem
582 1990 657 2030 coni-

62 2043 654 2115 mendet,quamsuperemnemrirtutcm,

62 2119 91 2171 et
107 2114 214 2185 saepius
228 2115 345 2171 laudare
361 2114 546 2185 dignoscitur.
567 2118 655 2173 itadix

62 2185 143 2242 enim
157 2185 285 2242 cantariam
300 2186 440 2243 malorum
455 2194 497 2242 est
510 2188 654 2259 superbia,

62 2262 90 2313 et
105 2264 203 2313 custos
216 2256 344 2315 cinthium
361 2257 495 2313 virtutum
511 2258 655 2316 humilitas

60 2335 117 2385 est.
128 2330 210 2385 Unde
221 2331 385 2400 Theophilus
397 2347 405 2385 ι
418 2351 432 2381 u
441 2329 511 2396 Onia
524 2332 599 2386 euim
611 2348 656 2387 su·

60 2399 656 2527 Barbiaplusquamaliaepaulorusrexat

81 2471 215 2527 ominum
236 2480 356 2540 meritas,
378 2472 442 2528 ideo
469 2473 596 2528 erebrius
620 2474 655 2530 de

60 2542 116 2600 hac
133 2547 243 2597 monet.
260 2564 274 2595 u
290 2545 370 2599 Unde
385 2549 413 2599 et
427 2545 653 2613 chrysostomus:

63 2613 187 2671 «Simus
199 2613 295 2685 itaque
310 2614 441 2682 ltuurilcs,
456 2624 486 2671 ut
500 2615 589 2670 simus
605 2633 654 2671 cx·

60 2684 145 2751 celsi,
161 2684 268 2742 etenim
290 2702 353 2741 cum
374 2684 550 2743 abundantia
565 2686 654 2744 multa

58 2755 234 2814 humiliatur
250 2758 401 2839 despectio.
418 2757 491 2814 Nihil
517 2758 592 2814 enim
613 2758 653 2817 ita

60 2829 142 2885 Deus
160 2828 265 2885 auertit
290 2835 364 2885 sieut
387 2827 561 2901 superbiam,
586 2846 649 2902 pro·

60 2904 164 3026 ffirea
179 2905 207 2955 et
222 2915 239 2955 a
256 2899 394 2970 principio
414 2901 510 2958 omnia
532 2901 598 2957 lecit
621 2906 652 2959 ut

122 2971 262 3027 canterat
271 2971 434 3053 passionem
447 2991 453 3027 :
465 2980 582 3045 propter
596 2975 650 3031 hoe

64 3041 202 3099 mortales
216 3043 281 3099 lacti
307 3060 413 3112 sumus,
430 3042 458 3098 iu
479 3044 599 3101 miseriis
622 3050 650 3101 et

66 3111 239 3184 planetibus,
258 3120 374 3240 propter
390 3118 442 3171 hoc
460 3114 487 3171 in
509 3116 605 3172 laboro
622 3121 651 3173 et

66 3183 181 3265 sudore,
201 3184 232 3241 in
269 3184 435 3243 aboratione
461 3187 595 3243 continua
622 3194 651 3244 et

63 3258 191 3311 miseria.
200 3257 311 3313 Etenim
326 3273 343 3314 a
357 3257 539 3327 despectione
554 3274 649 3330 pecca·

62 3325 102 3383 rit
122 3328 233 3398 primus
247 3328 343 3397 lromo,
358 3336 456 3401 petens
470 3328 520 3385 liei
536 3329 650 3401 aquali·

60 3402 168 3466 tatcm;
186 3405 301 3470 propter
315 3402 369 3457 hoc
383 3416 474 3471 neque
487 3417 549 3471 cium
560 3402 650 3458 habe·

59 3470 110 3526 bat
123 3469 231 3527 mansit
242 3472 359 3536 habens,
370 3473 419 3528 sed
433 3473 468 3529 ab
481 3473 525 3528 bis
536 3472 648 3529 cecidit.

58 3540 129 3597 'lale
152 3540 229 3597 euim
254 3542 321 3613 quid
342 3548 384 3599 est
403 3543 558 3616 despectio,
574 3530 650 3615 quod

58 3627 119 3694 non
135 3612 229 3669 solum
242 3613 323 3670 nobis
333 3614 428 3687 adjicit
442 3615 650 3673 correctionem

57 3688 139 3753 vitae,
153 3684 204 3740 sed
220 3690 249 3741 et
266 3702 328 3756 quas
346 3688 483 3743 habemns
497 3687 649 3758 abscindit,

58 3759 88 3813 et
106 3755 152 3811 his
169 3756 274 3825 officit3
290 3759 361 3813 sicut
374 3758 519 3815 humilitas
533 3776 588 3816 natu
603 3776 647 3815 so·

58 3826 120 3883 lum
138 3842 315 3899 eorumque
330 3834 396 3886 sunt
411 3830 479 3886 nihil
498 3831 649 3900 abscindit,

59 3897 111 3954 sed
126 3905 155 3953 ct
165 3915 230 3969 qum
242 3916 298 3957 non
312 3906 377 3956 suut
388 3901 494 3972 ailjicit.
509 3904 586 3958 llane
602 3902 653 3958 ita-

60 3984 118 4039 que
130 3969 266 4039 zelemur,
278 3972 349 4027 hanc
358 3988 573 4044 persequamur,
583 3979 614 4029 ut
624 3977 653 4029 et

58 4042 197 4168 presenti
218 4041 359 4114 potiamur
374 4045 494 4114 honore,
512 4050 539 4101 et
559 4047 653 4102 sutura

71 4127 193 4169 ruamur
202 4113 314 4189 gloria:
331 4136 345 4166 n
360 4117 420 4173 irasc
435 4119 651 4187 Clupsostoanus.

98 4187 116 4240 8
130 4184 264 4252 Quonim
278 4192 388 4243 ursrlcs
402 4206 433 4244 rr
448 4206 599 4245 norisianas
618 4206 653 4243 sr-

58 4271 190 4315 onaamrr
209 4256 371 4317 Pannissus
396 4278 428 4317 ετ
456 4259 653 4319 Puuucauos‘l

723 434 757 445 —
774 403 899 469 bastire,
913 418 964 475 per
982 402 1156 461 pharisaeum
1169 402 1306 463 Judaieus

723 463 846 546 populus
860 475 1035 545 designatur,
1046 475 1094 547 qul
1109 491 1142 530 ex
1156 475 1305 534 beneflciis

723 547 805 615 legis
832 551 859 601 et
881 547 1087 617 Prophetarum
1108 546 1254 675 susceptis.
1269 548 1305 606 de

723 633 776 673 sua
804 617 955 673 sanctitate
982 634 1157 689 praesumens
1203 618 1305 675 entiles

722 690 943 760 aspernabatnr3
969 706 1019 760 per
1036 689 1220 746 Publicanum
1239 706 1306 746 rero

722 760 851 829 Gentilis,
866 763 912 831 qni
937 766 1052 832 peccata
1080 777 1141 830 sua,
1163 760 1306 832 Apostolis

741 831 953 898 eradicantibus,
974 848 1192 902 recognoscens,
1211 831 1306 888 linuri-

721 848 786 958 iiter
805 920 839 959 ea
863 904 1073 960 confitebatur:
1092 908 1209 975 propter
1231 902 1307 973 quod

722 974 840 1030 Gentilis
849 974 1018 1045 justificatos
1030 979 1073 1030 est
1085 990 1135 1045 per
1146 973 1213 1030 tldei
1227 974 1306 1032 Chri·

722 1044 756 1101 sti
775 1046 977 1117 receptionem.
992 1046 1144 1102 cttudaaus
1159 1047 1307 1103 damnatus

721 1133 773 1189 per
788 1134 867 1173 snam
881 1117 1114 1173 obstinationem.
1128 1118 1207 1172 Unde
1219 1118 1304 1175 Beda:

723 1209 736 1239 a
762 1191 863 1259 'lppicc
883 1194 989 1256 antem,
1010 1186 1170 1244 Pharisaeus
1190 1193 1233 1242 est
1258 1204 1306 1269 po·

720 1260 804 1331 putus
818 1260 994 1327 ludaeorum,
1010 1258 1057 1330 qui
1078 1276 1110 1313 ex
1123 1257 1304 1330 Justisscatro·

720 1330 804 1386 criticis
820 1331 899 1402 tegis
917 1330 1025 1387 extollit
1045 1329 1146 1385 merita
1166 1346 1233 1397 sua3
1249 1331 1304 1385 Pu-

720 1401 849 1458 blicanos
863 1418 930 1458 vero
952 1401 1070 1458 Gerttilis
1088 1407 1142 1469 cst,
1156 1401 1203 1472 qui
1219 1401 1304 1472 longe

718 1476 817 1530 alleo
847 1473 968 1546 positus,
1001 1473 1153 1529 contitetur
1186 1477 1303 1544 peccata

718 1561 769 1600 sua
786 1565 793 1600 :
811 1561 931 1615 qnorum
954 1560 1028 1601 tinus
1048 1544 1237 1614 superbiendo
1260 1560 1304 1601 re·

718 1618 800 1671 cessit
821 1615 1002 1683 humiliatus,
1023 1616 1094 1672 alter
1120 1615 1303 1672 lamentando

717 1687 945 1769 appropinquare
959 1687 1061 1743 meruit
1076 1687 1222 1743 exaltatus.
1237 1708 1252 1737 »
1270 1717 1304 1727 -

717 1756 1303 1829 iteratum,tddudnominessignantuni·

715 1830 879 1886 densitatem
909 1830 1069 1898 hominnm,
1087 1829 1197 1886 scilicet
1207 1830 1302 1901 justos

717 1902 889 1969 Pharisaeus
916 1908 944 1956 et
969 1901 1073 1972 impios
1106 1900 1300 1958 Publicanus:

716 1972 1301 2044 uterqncdcbentascendereintemplum

715 2045 749 2099 ad
760 2043 910 2111 orandum,
924 2042 1027 2113 impius
1037 2059 1088 2115 pro
1102 2040 1195 2103 venia.
1204 2044 1302 2114 justus

714 2130 766 2186 pro
791 2113 1013 2185 perseverantia.
1036 2117 1066 2169 lu
1092 2112 1228 2184 terrrplum
1247 2130 1300 2170 au-

715 2193 772 2241 tem
785 2184 943 2257 spirituale,
959 2185 1035 2256 quod
1054 2190 1096 2241 est
1116 2187 1200 2255 licus,
1216 2184 1300 2240 debe·

714 2274 777 2313 ntus
797 2257 952 2313 ascendere
978 2256 1096 2324 oramlo,
1113 2256 1180 2327 qtiia
1201 2271 1301 2312 secun·

714 2329 781 2384 dum
796 2333 1003 2391 barrtnsccnuan,
1018 2330 1110 2383 eradio
1133 2331 1176 2382 cst
1194 2342 1299 2383 ascen-

715 2416 762 2455 sus
785 2398 889 2456 mentis
909 2401 938 2455 in
958 2402 1066 2467 ltcuin;
1083 2405 1122 2468 et,
1142 2398 1298 2456 secuudum

713 2471 914 2540 Aupusttnunc,
931 2470 1022 2527 oratio
1037 2474 1081 2526 est
1099 2472 1161 2543 pius
1180 2470 1299 2528 allectus

714 2542 818 2598 mentis
833 2541 863 2597 ln
880 2544 967 2598 [teum
981 2541 1116 2598 directus,

749 2638 765 2686 9
782 2615 925 2669 l’nmcuus
939 2616 1205 2671 sacuuuoruulssuu
1222 2630 1296 2677 ours-

712 2703 783 2742 umar
811 2703 949 2741 ocemund.
978 2718 1013 2726 —
1039 2688 1182 2758 Principes
1207 2690 1298 2741 atatem

711 2758 891 2825 sacerdotum,
902 2756 1007 2813 scilicet
1017 2756 1174 2829 pontitices,
1184 2757 1232 2831 qui
1244 2757 1299 2829 spi·

711 2827 863 2885 ritualibus
872 2834 1027 2900 preerant,
1038 2834 1064 2884 et
1075 2830 1187 2893 Scriba,
1202 2829 1230 2884 id
1243 2833 1297 2900 est,

711 2900 758 2971 qni
776 2900 914 2957 doctrinm
940 2900 1023 2971 Legis
1043 2905 1072 2956 et
1090 2902 1297 2972 Prophetarum

709 2971 906 3040 intendebant,
921 2977 947 3027 et
955 2974 1095 3042 principes
1107 2974 1208 3044 plebis,
1224 2970 1297 3028 scili·

710 3050 764 3112 cet,
778 3043 824 3126 qui
844 3043 873 3098 in
887 3041 1091 3114 temporalibus
1110 3042 1297 3116 disponendis

709 3114 911 3185 prasutebant,
924 3113 991 3169 moti
1006 3118 1106 3170 contra
1117 3117 1213 3172 lesum
1225 3113 1296 3170 inri-

709 3185 789 3241 diact
802 3201 932 3254 rancore,
944 3186 1100 3255 puniebant
1110 3189 1189 3242 illum
1199 3186 1295 3258 perde·

708 3274 746 3323 re,
759 3255 806 3338 qui
818 3262 913 3313 tamen
924 3261 1042 3313 uenerat
1054 3272 1103 3312 eos
1113 3259 1234 3329 salvare,
1247 3274 1294 3315 ex·

709 3327 1296 3401 cogitantcsdirersasviasetmodosque

709 3401 794 3456 modo
814 3404 928 3472 possent
951 3400 1033 3456 illum
1055 3398 1195 3458 occidere.
1216 3402 1296 3458 Unde

708 3472 866 3528 Rerazacdns
887 3491 895 3526 ε
917 3492 930 3524 a
959 3472 981 3529 Ο
1008 3472 1082 3528 bone
1110 3476 1190 3545 lesu,
1219 3477 1296 3530 totus

710 3543 833 3600 nrurrdus
847 3542 1068 3601 videturcentru
1081 3551 1108 3600 te
1119 3549 1295 3616 conjurasse,

710 3620 736 3670 et
752 3615 779 3669 hi
799 3617 825 3670 iu
841 3615 1038 3687 persecutione
1053 3620 1103 3672 tua
1119 3617 1202 3689 primi
1217 3624 1294 3688 sunt,

710 3684 757 3757 qui
777 3685 908 3742 ridentur
933 3703 1035 3758 regere
1054 3690 1202 3761 poputum,
1228 3688 1295 3745 diri·

711 3773 778 3829 gere
798 3759 990 3830 principatum
1005 3758 1011 3815 t
1028 3782 1042 3810 »
1058 3764 1093 3817 ut
1106 3778 1160 3817 non
1181 3763 1294 3817 incum-

711 3831 791 3885 cdunt
810 3831 879 3900 quid
894 3833 1016 3897 (ueneat
1040 3833 1096 3900 itti,
1114 3833 1143 3888 id
1165 3836 1207 3887 est
1230 3846 1295 3887 cau-

711 3916 769 3958 sam
805 3900 1005 3959 rationabilem
1036 3919 1099 3961 eum
1136 3901 1294 3971 occidendi,

711 3988 775 4028 cum
791 3981 866 4029 essct
876 3974 971 4046 justus
987 3979 1014 4032 et
1031 3972 1292 4042 innocentissimum

712 4060 765 4100 trec
781 4044 865 4101 etiam
884 4048 1037 4113 auriebant,
1054 4044 1153 4101 timore
1170 4043 1265 4115 populi
1284 4061 1291 4099 τ

712 4117 807 4172 Omnis
831 4121 903 4173 enim
926 4120 1045 4190 populus
1072 4130 1218 4184 suspensus
1234 4120 1294 4171 erut

712 4189 829 4245 audiens
844 4192 967 4256 illurn...
997 4192 1022 4241 et
1038 4186 1231 4241 adtribuuntur
1244 4203 1292 4242 su·

711 4276 760 4332 per
770 4261 896 4317 doctrino
910 4259 979 4328 eJ'us.
991 4257 1168 4315 UndeBedo:
1183 4277 1198 4305 «
1212 4257 1292 4327 Quae-
