2820 4928
354 369 375 405 ο
502 356 542 410 At
567 352 787 410 intinniit.

78 461 129 520 luti
143 459 343 536 posthabendi,
357 465 541 516 etremoven·
701 478 717 527 7
747 454 790 537 lle
821 455 996 537 Angelorum
1031 458 1179 517 custodum

78 534 119 603 di,
131 533 247 607 qnando
262 538 328 589 sunt
342 529 505 603 periculosi.
596 532 633 602 59
720 529 891 584 mnmsterro.

63 603 268 664 5liumilitetis
284 601 469 660 excellentie.
596 603 633 673 69
717 598 906 665 6048448444
948 615 1050 658 norem
1088 601 1183 659 choris

63 678 154 735 6Cnr
177 691 235 733 non
258 674 315 733 sint
339 671 543 733 contemnendi
722 669 895 740 Angelorum
929 671 1016 731 homo
1046 673 1181 733 associari

79 746 212 822 parvuli?
595 747 630 810 4ο
722 745 859 799 meretur.

152 936 269 996 CAPUT
284 936 343 994 Vll.
365 964 400 976 -
414 937 454 992 lle
469 933 560 991 triduo
571 931 726 1005 parobolis,
744 933 850 989 scilicet
864 953 872 988 :
888 935 958 1004 ooo,
974 939 1000 994 ct
1019 935 1166 1006 druhtmer,

554 1008 581 1062 rt
590 1006 646 1076 tilii
651 1003 775 1077 prodigi.

67 1205 77 1239 1
99 1181 166 1239 Prie
177 1182 254 1249 sunt,
285 1195 331 1237 nae
344 1176 444 1236 nosed
458 1177 545 1236 mise·
720 1171 827 1232 Judaeis
853 1178 882 1233 et
906 1174 1075 1252 Gentilibus,
1103 1177 1185 1239 inno·

82 1252 222 1310 rationem
238 1194 386 1309 44348444.
599 1255 634 1318 45
721 1248 797 1304 oenti
815 1250 843 1304 et
856 1251 1009 1321 peccatori.
1235 1260 1270 1324 48

67 1345 82 1382 4
99 1324 241 1381 Paruhola
253 1321 313 1379 ovis
328 1319 461 1379 errantis.
599 1326 635 1392 44
688 1338 719 1376 44
736 1320 858 1377 [locetur
881 1328 1013 1394 peccator
1036 1323 1105 1396 quid
1129 1322 1184 1384 sihi

64 1401 81 1452 5
113 1398 228 1467 Septem
258 1393 288 1451 in
322 1392 376 1453 hec
409 1390 547 1465 parabola
720 1392 893 1466 iaciendum,
917 1398 950 1452 ut
974 1393 1011 1452 ed
1028 1396 1117 1453 lleum
1140 1413 1183 1456 re-

84 1467 202 1540 mystioe
218 1464 354 1523 notanda.
599 1471 634 1535 44
720 1471 859 1523 vertetur.
1238 1477 1273 1546 49

65 1544 82 1607 4
97 1539 238 1596 Gaudium
251 1536 436 1610 Angelorum,
451 1541 545 1608 pesto-
688 1538 719 1590 45
736 1534 864 1610 Benigne
880 1539 1063 1610 peccatorum
1084 1555 1102 1596 a
1126 1538 1185 1598 neo

85 1609 122 1666 ris
138 1615 167 1667 et
179 1609 295 1666 Christi.
599 1614 634 1677 45
721 1609 858 1681 receptio.
1241 1620 1276 1671 50

63 1687 79 1737 5
96 1681 240 1739 hionaliter
257 1680 293 1737 de
309 1679 436 1753 prelatis
456 1685 486 1738 et
508 1679 545 1737 48
688 1684 720 1748 44
734 1681 807 1749 Quid
821 1679 851 1737 in
867 1696 956 1738 sensu
973 1681 1095 1756 mystico
1112 1684 1187 1741 stole
1285 1743 1289 1752 ,

84 1753 240 1810 electorum
255 1768 385 1809 numero.
599 1757 634 1820 45
720 1752 824 1825 prime,
836 1752 968 1824 annulus,
982 1755 1185 1826 calceamenta,

67 1823 240 1882 6Perehole
256 1823 400 1881 drachmae
415 1822 544 1897 perditae.
600 1828 635 1891 46
722 1824 867 1881 etvitulus
882 1824 1055 1896 saginatus?
1242 1834 1272 1885 54

68 1919 84 1968 7
99 1898 151 1953 Sex
166 1895 195 1952 44
211 1910 246 1952 ee
259 1894 378 1968 mystice
392 1894 527 1951 notende.
601 1899 635 1964 46
689 1897 720 1949 45
748 1894 909 1968 indignatio
936 1896 1059 1954 senioris
1089 1896 1186 1956 fratris

69 1973 85 2025 8
123 1967 269 2025 lioreliter
303 1967 340 2024 de
379 1965 548 2038 quesitione
723 1983 756 2025 cx
771 1983 840 2040 egro
854 1968 1033 2026 revertentis.
1240 1975 1273 2026 54

85 2039 230 2098 4488444448
253 2044 293 2108 et,
307 2053 344 2096 88
363 2042 488 2110 reperte,
511 2039 548 2096 de
690 2040 721 2092 46
750 2037 899 2107 Quomodo
927 2056 945 2098 u
977 2045 1059 2112 petre
1087 2055 1185 2114 repre·

85 2110 257 2184 Angelorum
281 2109 397 2183 gaudio,
421 2109 549 2184 itemque
723 2112 875 2170 hendetur.
1239 2118 1272 2169 54

88 2182 124 2239 48
140 2184 272 2255 praeleto.
602 2188 636 2256 47
691 2205 721 2256 ¹7
738 2183 901 2244 Relationes
921 2187 950 2243 et
970 2183 1043 2241 mire
1066 2198 1184 2242 concor-

75 2279 92 2329 9
109 2255 249 2314 Parabola
264 2253 315 2311 tilii
330 2251 453 2328 prodigi.
603 2263 639 2327 48
724 2256 824 2315 484448
836 2256 925 2314 trium
945 2258 1047 2314 herum
1061 2257 1184 2330 perebo·

54 2350 87 2384 444
116 2326 169 2384 Sex
199 2324 286 2383 etiem
316 2325 346 2382 in
372 2342 408 2384 ee
432 2327 552 2400 mystico
724 2328 828 2386 lerum.
1241 2333 1274 2385 55

88 2398 224 2455 notendo.
604 2406 639 2470 48
693 2406 725 2460 18
753 2399 849 2459 Pusilli
877 2398 1014 2474 diligendi
1040 2404 1108 2457 sunt
1134 2416 1188 2459 nec

55 2493 82 2527 44
112 2470 201 2543 liujus
228 2470 373 2542 poreholae
397 2470 550 2543 applicatio
726 2487 863 2546 umquem
878 2472 1089 2529 contemnendi.
1243 2478 1276 2540 54

160 2656 273 2714 CAPUT
287 2657 358 2715 Vlll.
375 2689 409 2701 -
423 2659 462 2716 Ile
475 2656 555 2717 modo
569 2660 750 2734 correptionis
768 2661 911 2730 theim,
924 2665 951 2717 ct
964 2659 998 2716 dc
1012 2658 1176 2717 dimittendo

474 2734 562 2800 fiatri
571 2736 729 2806 septuagies
739 2735 850 2806 septies.

75 2921 85 2956 4
104 2900 281 2972 Praeceptum
293 2899 483 2975 correptionis
497 2900 552 2960 tre-
715 2903 833 2970 504444
853 2916 921 2960 rere
934 2905 978 2958 est
996 2897 1191 2971 cerimonem,

90 2975 190 3027 terne.
604 2978 639 3042 54
732 2974 761 3030 44
776 2978 820 3031 est
834 2981 952 3049 propter
965 2969 1119 3029 Christum.
1247 2975 1281 3028 58

75 3063 90 3099 4
105 3042 196 3099 44448
208 3038 310 3099 modus
323 3046 354 3100 et
366 3044 469 3103 torma.
605 3048 639 3102 55
715 3046 819 3115 60444
839 3045 878 3103 sit
900 3043 1041 3104 dimittere
1064 3045 1192 3117 proximo

73 3056 194 3171 dPnine
207 3114 357 3198 peccantis·
370 3114 483 3189 publice
499 3132 553 3174 nec
732 3116 1031 3191 septuagiessepties?
1085 3186 1092 3200 .
1247 3120 1283 3172 58

91 3184 238 3242 emendari
251 3186 384 3247 rotenus.
606 3193 641 3246 56
714 3210 729 3262 7
745 3190 862 3247 Oitensa
885 3205 999 3263 semper
1022 3188 1193 3247 remnttende

73 3261 90 3327 4
117 3258 178 3313 Duo
206 3258 356 3339 commode
382 3274 416 3342 84
444 3259 553 3318 unione
734 3267 788 3332 est,
802 3260 852 3318 scd
872 3278 929 3320 non
944 3275 1058 3345 semper
1064 3259 1193 3391 {gioria

91 3342 156 3385 cum
188 3328 333 3412 Ecclesia,
365 3332 469 3403 quihus
498 3344 552 3390 cr-
734 3338 763 3390 et
786 3333 848 3390 haec
872 3333 1004 3392 remissm
1027 3334 1063 3391 de
1132 3346 1197 3392 6886

92 3399 467 3474 commumceuprinantur.
608 3405 641 3476 57
734 3402 857 3478 integre.
1251 3408 1286 3477 59

144 3589 259 3648 CAPUT
278 3592 323 3648 tlt.
340 3621 372 3633 —
386 3593 426 3648 Dc
439 3608 503 3663 repo
516 3596 568 3666 qui
582 3595 672 3652 uoluit
685 3596 822 3652 cottonem
835 3609 937 3666 ponere
950 3611 1012 3652 8484
1030 3550 1117 3652 conii
1132 3596 1202 3652 uncte

80 3783 90 3819 1
108 3760 192 3820 Retio
206 3764 242 3823 de
257 3763 392 3822 omnihus
403 3763 560 3823 reddenda.
618 3770 653 3823 6ο
742 3763 769 3820 vi
785 3762 1031 3835 immisericordis,
1048 3763 1143 3836 imago
1160 3767 1205 3821 est

79 3850 94 3890 4
109 3834 251 3893 Parabole
262 3835 298 3893 de
312 3850 379 3907 rege
395 3835 507 3893 volente
520 3851 564 3896 re·
739 3832 857 3907 justitie
870 3834 983 3893 divinae.
1258 3839 1292 3892 66

54 3904 563 3981 Ι4484844448484884448844488448.
619 3912 650 3965 64
725 3907 817 3976 douo
831 3922 918 3965 88484
931 3911 1048 3980 peccatu
1061 3903 1190 3964 redeunt.
1257 3912 1292 3966 66

80 3979 97 4033 6
123 3978 283 4037 Crudelitas
308 3977 383 4037 serui
410 3979 564 4040 condonati
725 3980 845 4052 7anra
855 3978 1086 4037 condonationis.
1125 4049 1132 4060 ·
1258 3985 1293 4049 64

99 4065 169 4122 erge
185 4065 368 4108 conservum.
620 4057 652 4110 64
724 4051 923 4109 tltluodecim
955 4051 1033 4107 modu
1061 4048 1204 4110 remissio

81 4125 99 4188 4
122 4119 285 4205 indignatio
311 4134 515 4180 conservorum
538 4130 568 4181 et
743 4137 812 4179 num
822 4125 1037 4181 enumerentur.
1258 4128 1292 4180 65

80 4208 268 4327 britgulriinutio
280 4270 309 4325 et
321 4264 493 4342 supplicium
502 4282 566 4326 ser·
619 4199 653 4253 θ’
710 4217 743 4325 13
754 4192 1200 4340 gaeegmanrgndgiffiere.
1256 4199 1291 4340 ἐξ
