2820 4928
122 307 153 361 88
469 305 628 361 SEUUNDU
654 304 774 360 cittis
801 304 904 359 citur
931 303 1000 357 Xlll

107 416 195 480 ¹velle
220 419 315 474 autem
340 418 453 497 potest,
484 410 550 482 quia
575 411 708 468 voluntas

121 488 208 545 etiam
231 483 449 559 impossibilium
474 491 527 539 est.
549 482 625 539 Licet
640 499 708 556 ergo

120 565 197 617 esset
212 556 360 631 pauperie
380 559 456 623 actu,
473 559 569 636 tamen
586 555 710 612 habehat

120 630 210 687 multa
225 629 254 686 iii
274 627 418 702 potentio;
433 633 463 683 et
476 642 544 699 quia
568 643 621 699 per
639 642 708 698 pau-

139 706 260 758 ertatem
277 698 466 756 voluntariam
481 713 539 754 non
554 699 647 755 solum
662 714 709 754 re·

119 718 288 843 iinquuntur
309 786 438 843 possessa
463 769 493 825 iii
512 775 587 839 actu,
612 770 662 826 sed
682 773 711 825 et

119 842 295 916 possibilitas
312 840 477 914 acquirendi
498 847 525 898 et
544 839 710 923 possidendi

121 913 199 983 allia,
212 919 241 970 et
257 917 310 970 ista
325 912 502 986 possibilitas
519 912 709 984 aliquomodo

122 1002 153 1043 se
173 985 300 1042 extendit
325 987 361 1042 ad
385 984 498 1051 emuia;
523 984 586 1041 iden
607 1000 710 1040 conve·

122 1057 237 1114 nienter
254 1059 355 1114 Petrus
370 1056 450 1121 dixit,
467 1056 542 1128 quod
557 1055 655 1113 omnia
669 1071 712 1112 re·

124 1128 217 1212 liquit,
234 1129 301 1199 quia
318 1143 433 1185 omnem
456 1126 641 1199 cupiditatem
667 1125 711 1183 di-

123 1201 211 1258 misit.
229 1203 291 1257 llou
310 1211 405 1258 autem
421 1199 456 1255 ad
471 1199 650 1272 Jaetantiam,
662 1196 712 1255 sed

125 1271 248 1329 veridice
262 1272 336 1328 etad
350 1275 476 1328 nostram
497 1272 712 1328 instructionem

125 1343 252 1416 loquitur
263 1346 374 1412 Petrus,
384 1349 416 1400 ut
432 1343 480 1399 det
493 1342 625 1399 fiduciam
641 1358 712 1413 pau·

125 1416 252 1489 perihus,
267 1431 301 1472 ne
317 1415 394 1471 solos
412 1414 514 1470 divites
530 1413 578 1485 qui
598 1412 714 1471 divitias

124 1492 243 1613 possunt
258 1486 430 1566 relinquere,
443 1484 586 1541 aestiment
598 1485 635 1540 ad
649 1501 714 1557 per·

137 1558 256 1614 actionis
275 1563 398 1628 gratiam
418 1556 575 1626 pervenire.
593 1557 715 1612 Possunt

124 1643 228 1699 nempe
258 1626 407 1699 pervenire
438 1632 466 1683 et
489 1642 640 1698 pauperes,
687 1629 714 1683 ui

125 1714 189 1769 quae
205 1700 323 1764 hahent,
338 1698 439 1753 saltem
454 1697 582 1754 animum
597 1703 623 1753 el
644 1643 686 1755 ati

125 1775 202 1826 ctum
217 1767 354 1836 habendi,
373 1769 526 1840 relinqunt.
543 1771 633 1841 hlaJus
650 1772 713 1842 qui·

125 1841 254 1897 domest
275 1840 398 1897 habendi
423 1843 610 1908 voluntatem,
629 1858 714 1913 quani

123 1912 217 2041 {psum
230 1914 337 1969 habere
353 1911 564 1984 derelinquere.
585 1915 667 1982 llam,
684 1921 715 1970 ut

146 1983 193 2040 icit
209 1986 385 2053 Auqustinus
407 2004 416 2040 ε
442 2004 456 2038 o
473 1985 567 2041 lllultis
584 1993 713 2042 mortuiis

126 2062 170 2113 est
183 2057 316 2127 muudus,
326 2056 378 2129 ipsi
389 2061 485 2113 tamen
498 2055 620 2113 vicissim
633 2074 714 2114 mun-

127 2127 276 2185 demortui
291 2144 346 2184 oon
361 2133 443 2197 sunt;
458 2130 534 2185 hona
544 2130 620 2185 enim
631 2130 715 2200 hujus

128 2199 217 2256 seculi
240 2199 371 2269 diligunt,
394 2204 533 2255 ettamen
550 2200 621 2270 ipsa,
650 2216 713 2271 quae

130 2269 265 2339 diligunt,
296 2269 413 2324 minime
450 2285 533 2326 conse
556 2276 672 2327 uuntur.
700 2291 714 2323 o

129 2343 210 2405 ltem,
225 2338 293 2395 dicit
311 2342 363 2394 hoc
376 2340 486 2409 Petrus,
496 2348 526 2397 ut
536 2287 656 2397 initum
669 2358 716 2399 su·

129 2410 259 2482 peritiam
275 2412 422 2481 reprimat,
443 2428 478 2468 ne
496 2415 545 2483 qui
564 2413 659 2485 plures
674 2414 717 2470 di-

128 2481 212 2537 vitias
229 2480 417 2553 reliquerunt,
431 2499 512 2539 suani
527 2485 716 2542 humilitatem

129 2554 274 2633 deserant,
297 2556 325 2609 et
350 2568 490 2626 pauperes
521 2562 716 2625 contemnant,

128 2641 161 2681 ac
178 2630 280 2680 ceteris
294 2629 519 2695 perl'ectioresse
536 2627 640 2685 dicant.
657 2630 717 2685 h'on

129 2697 207 2752 enim
223 2697 271 2766 qui
285 2696 368 2768 plura
383 2698 513 2770 reliquil;
530 2700 579 2755 sed
596 2699 643 2770 qui
660 2716 718 2757 iiia·

124 2766 198 2840 jocis
224 2766 384 2824 dilectionis
406 2770 508 2826 allectu
537 2770 716 2842 relinquendi

128 2837 237 2907 omnia,
255 2839 397 2896 Christum
413 2842 607 2913 consequitur,
624 2844 718 2914 perle-

129 2911 202 2967 ctior
218 2918 261 2967 est
286 2911 432 2971 dicendus.
451 2915 529 2971 Unde
550 2915 717 2986 putandum,

130 2983 206 3056 quod
220 2984 322 3041 Petrus
334 2984 424 3057 magis
435 2986 582 3042 conlidens
601 2988 636 3043 de
655 2986 717 3044 aiii-

130 3070 178 3111 mn
199 3061 227 3111 et
241 3055 345 3112 allectu
370 3072 432 3125 suo,
448 3074 534 3129 quam
555 3058 589 3114 de
604 3059 717 3129 quanti·

130 3129 190 3182 tate
206 3128 328 3196 ipsarum
344 3143 441 3184 rerum
453 3129 627 3198 ratimarum,
642 3131 715 3187 lidu-

132 3197 243 3253 cialiter
256 3203 285 3253 et
298 3198 476 3254 confidenter
490 3199 531 3254 ait
551 3216 558 3254 ι
585 3205 652 3257 Eece
669 3218 718 3258 iios

131 3270 297 3337 reliquimus
319 3272 426 3322 omnia.
454 3271 534 3325 Unde
560 3272 718 3339 Ortqeiies:

131 3359 147 3390 ii
164 3337 222 3393 Etsi
243 3338 319 3393 enim
340 3337 457 3394 minima
472 3357 536 3396 euni
553 3341 639 3399 tratre
655 3345 719 3400 reli-

130 3408 201 3479 quit,
217 3409 267 3463 sed
285 3425 341 3464 non
358 3409 476 3466 minima
497 3418 562 3467 sunt
577 3414 718 3472 aestimata

129 3481 205 3551 apud
222 3480 310 3535 Deum
326 3479 554 3538 considerantem
566 3500 572 3549 ;
583 3485 717 3555 quoniam

128 3566 161 3606 ei
180 3554 262 3605 tauta
283 3550 461 3621 plenitudiue
485 3553 648 3612 dilectionis
669 3557 719 3615 illa

128 3620 247 3676 minima
267 3622 455 3693 reliquerunt,
476 3630 506 3681 ul
521 3627 631 3683 etiamsi
646 3629 717 3685 mul-

128 3696 172 3773 las
196 3691 363 3773 habuissent
384 3696 590 3768 possessiones,
618 3716 719 3757 omues

126 3778 167 3818 sie
181 3762 399 3834 reliquissent.»
416 3769 496 3837 ltem,
512 3768 581 3826 dicit
597 3772 650 3828 hoe
664 3775 717 3829 Pe-

127 3840 274 3916 trus,·nou
293 3841 403 3893 tantuin
418 3855 470 3910 pro
488 3857 529 3910 se,
550 3843 600 3899 sed
620 3849 647 3899 et
666 3860 718 3916 pro

131 3908 275 3974 omnihus,
286 3907 486 3980 interrogans:
501 3914 575 3979 Quid
592 3931 654 3983 erqo
666 3920 719 3970 eri't

128 3981 227 4035 nodis?
242 3981 286 4050 Ut,
302 3979 399 4036 aiidilo
415 3984 544 4052 praemio,
565 4002 664 4041 omnes
681 3986 720 4042 al-

133 4050 210 4108 liciat
232 4053 269 4108 ad
285 4052 488 4124 perlectionem
511 4063 539 4110 et
554 4056 657 4111 Christi
676 4075 719 4113 se-

134 4123 257 4194 quelam.
276 4125 354 4181 Unde
365 4126 522 4181 Bernerdus
538 4145 546 4181 r
563 4146 577 4179 o
592 4127 666 4183 Dixit
681 4131 722 4186 Si·

134 4210 201 4251 mou
218 4197 317 4253 Petrus
332 4197 367 4252 ad
378 4199 475 4254 lesum
490 4215 496 4252 :
512 4201 580 4254 Ecce
592 4215 641 4255 non
655 4203 721 4256 reli-

134 4270 244 4337 quimus
258 4271 350 4325 omnc'o
363 4276 388 4326 ct
401 4273 488 4327 secuti
501 4276 641 4327 aumerle.
655 4274 721 4330 llaec

759 427 861 484 nempe
876 417 943 468 suut
966 411 1067 482 verba,
1094 426 1167 483 quae
1190 415 1222 470 ct
1236 417 1348 469 conteni·

759 492 840 556 ptum
856 482 954 540 muudi
977 482 1006 540 in
1025 485 1171 541 universo
1200 483 1348 547 mundnel

761 554 950 612 voluntariam
999 571 1160 613 ersuasere
1198 555 1348 613 hominihiu

760 631 968 700 paupertatem.
978 571 1043 684 iac
1054 633 1128 684 sunt
1137 643 1206 700 quae
1215 627 1350 684 monachis

762 700 886 755 claustra
899 698 1019 770 replent,
1035 699 1159 756 deserta
1168 699 1350 757 anachoretis.

761 772 838 836 llaec,
862 769 966 841 inquit,
992 776 1060 826 sunt
1076 771 1173 827 verba
1190 787 1260 842 quae
1286 774 1351 842 dg·

761 848 841 915 ptum
871 840 1004 913 spoliant,
1033 848 1061 898 et
1091 841 1213 913 optima
1244 858 1352 915 queque

762 915 824 986 ejus
840 928 908 968 iasa
927 912 1073 985 diripiunt.
1101 914 1157 971 llic
1172 930 1276 971 sermo
1290 916 1353 971 nni

762 992 791 1043 et
814 985 915 1041 elllcax
938 992 1111 1041 convertens
1138 986 1272 1053 animas,
1294 985 1353 1042 retici

750 1055 943 1125 ,aemulatione
972 1056 1136 1113 sanctitatis
1168 1064 1201 1114 et
1244 1057 1354 1115 ceiitcds

764 1126 952 1200 promissione
967 1127 1055 1184 tideli.
1070 1128 1184 1186 Omnia
1201 1145 1276 1187 sane
1293 1130 1354 1187 diie-

763 1202 829 1266 rtm,
857 1215 914 1255 nnn
939 1203 1049 1256 tantuin
1073 1201 1299 1272 possessionem
1317 1200 1354 1256 sel

764 1270 850 1328 etiam
880 1269 1061 1340 cupiditates.
1087 1277 1120 1328 et
1151 1290 1206 1330 eas
1235 1272 1353 1333 manime.
1398 1332 1400 1339 ,

764 1343 829 1415 plus
862 1342 940 1399 enim
971 1342 1070 1399 muudi
1099 1344 1354 1417 concupiscentia,

765 1430 851 1486 quam
877 1413 1036 1471 substantia
1057 1423 1156 1471 nocet.
1185 1418 1225 1472 Et
1243 1418 1304 1474 haec
1321 1417 1356 1471 lu-

765 1485 934 1557 giendarum
954 1501 1041 1542 eausa
1062 1485 1242 1545 divitiarum
1269 1485 1355 1561 praci-

765 1574 821 1631 pua
835 1563 889 1625 est,
910 1557 988 1628 quod
1002 1563 1050 1613 aut
1069 1557 1117 1614 vix
1137 1566 1192 1616 aut
1210 1573 1356 1631 numquan

764 1629 824 1684 sine
840 1645 937 1685 amore
952 1629 1066 1685 valeant
1076 1631 1240 1700 possideri.
1258 1632 1357 1690 Limosa

765 1700 905 1772 siquidem
917 1705 946 1755 et
960 1700 1106 1772 glutinosa
1118 1702 1222 1767 nimis,
1240 1721 1298 1760 nou
1311 1718 1357 1759 nie

766 1772 802 1828 dn
832 1771 965 1840 citerior,
996 1789 1094 1828 iierum
1125 1774 1222 1830 etiam
1251 1774 1358 1832 interior

766 1843 924 1900 substantia
951 1848 1049 1900 nostra
1067 1843 1204 1914 videtur;
1231 1853 1262 1903 et
1288 1844 1357 1903 facile

767 1931 816 1971 cor
833 1916 990 1971 humanum
1003 1916 1142 1973 omnihus
1158 1934 1230 1988 quae
1241 1920 1358 1990 hequen·

767 1991 808 2042 tat
823 1987 960 2043 adhaeret.
972 1988 1031 2058 Age
1041 1988 1185 2059 ergo‚qui
1205 1990 1358 2062 relinquere

767 2057 865 2114 omnia
879 2058 1017 2130 disponis,
1036 2064 1064 2115 te
1081 2074 1207 2132 quoque
1224 2061 1303 2119 inter
1319 2075 1357 2115 re·

768 2129 922 2201 linquenda
945 2146 1096 2187 numerare
1125 2141 1292 2203 memento,
1311 2132 1357 2187 imo

767 2217 834 2258 vero
849 2202 970 2258 maxime
983 2209 1011 2257 et
1030 2201 1239 2274 principaliter
1259 2206 1357 2274 anaqi

768 2272 959 2346 temetipsum,
980 2273 1003 2330 si
1021 2273 1168 2331 deliberas
1188 2277 1275 2348 sequi
1293 2289 1355 2340 eun,

769 2344 816 2415 qui
829 2351 983 2416 propterte
996 2344 1155 2402 exinanivit
1164 2348 1355 2420 semetipsum.

770 2419 846 2472 Pone
874 2416 1073 2486 gravissimam
1103 2419 1271 2489 sarcinam,
1295 2431 1355 2491 pont

769 2487 818 2544 illa
833 2486 960 2559 quinque
975 2504 1033 2544 non
1047 2489 1203 2546 hominum
1221 2492 1306 2563 plane
1318 2491 1354 2560 ju·

768 2575 805 2632 ga
826 2561 876 2615 sed
899 2560 995 2628 houm,
1020 2576 1085 2631 quie
1115 2559 1169 2617 tihi
1194 2562 1355 2635 insipienter

769 2630 877 2699 emisti;
899 2630 1026 2702 alioquin
1056 2631 1137 2714 sequi
1162 2634 1309 2705 Sponsum
1333 2634 1354 2685 cl

769 2701 867 2759 venire
882 2703 919 2758 ad
935 2702 1049 2774 nuptias
1065 2703 1246 2775 spirituales,
1265 2703 1354 2777 quina·

769 2773 1014 2856 riahaefpressus,
1025 2779 1052 2830 et
1066 2789 1226 2846 oppressus
1240 2772 1354 2848 corporis

770 2845 955 2903 sensualitate
969 2862 1025 2902 non
1039 2845 1148 2919 poteris
1163 2864 1171 2904 ε
1190 2869 1206 2902 ii
1228 2849 1291 2905 hacc
1303 2849 1354 2903 llrr-

769 2918 887 2974 nardus.

806 2994 823 3056 ti
840 2990 1049 3053 flaciaouaiires
1072 3010 1160 3049 ousia
1173 3009 1210 3048 ao
1228 2993 1355 3050 Cameren

771 3078 931 3123 suouenueii
952 3080 1003 3119 cuii
1021 3083 1054 3119 ao
1078 3081 1259 3122 ieoicmunr.
1285 3096 1313 3106 -
1330 3063 1357 3117 ct

770 3136 946 3204 responderis
975 3136 1113 3193 eominus
1138 3136 1236 3207 tangit
1262 3133 1355 3261 triplex

769 3206 931 3276 praemium,
944 3207 1019 3277 quod
1035 3214 1256 3280 consequuntur
1271 3222 1302 3261 re
1315 3205 1356 3260 iii-

770 3281 889 3347 quentes
914 3278 1020 3347 omnia,
1046 3285 1073 3336 et
1099 3285 1257 3352 sequentes
1283 3275 1358 3337 Chii·

771 3356 857 3416 stum,
874 3351 902 3403 et
926 3365 978 3420 per
1004 3351 1136 3408 eamdem
1164 3350 1242 3407 iiam
1269 3349 1358 3407 ambu-

771 3419 862 3474 lantes
877 3436 983 3478 secum.
1000 3423 1126 3479 l'rimum
1142 3430 1196 3492 est,
1212 3423 1283 3494 quia
1301 3432 1358 3476 cum

770 3489 890 3546 Domino
902 3491 1082 3562 judicabunt.
1108 3494 1188 3551 Unde
1204 3495 1283 3550 dicit
1295 3493 1357 3571 illi:

770 3564 868 3631 Amen,
881 3561 909 3618 id
925 3568 969 3619 est
983 3565 1117 3635 fideliter,
1132 3566 1195 3622 dico
1208 3566 1292 3621 uoltu
1304 3578 1358 3635 qui·

771 3633 945 3704 buseumque
965 3636 1107 3705 fidelihus,
1125 3638 1200 3707 quod
1228 3653 1289 3703 eos,
1304 3634 1358 3706 quii

771 3703 895 3785 dimissis
911 3708 1044 3764 omuibus
1053 3708 1187 3777 terracia,
1198 3711 1289 3765 secuti
1299 3707 1359 3763 eatis

770 3792 822 3844 me,
839 3775 997 3836 imitatione
1021 3778 1144 3848 iiiiendi,
1167 3783 1198 3836 in
1218 3794 1359 3849 reperiere·

772 3847 894 3929 tiouqid
907 3855 950 3930 est
965 3851 1122 3921 injudicio,
1133 3858 1267 3925 tempore
1283 3865 1360 3932 iege·

771 3925 930 3975 necationis
940 3922 1055 3992 generis
1067 3923 1187 3979 liumaiii
1207 3926 1278 3981 [lure
1288 3936 1360 3979 enini

772 3995 837 4045 suot
852 3993 1085 4062 regenerationes
1109 4012 1115 4049 :
1137 3995 1234 4067 prima
1249 3995 1360 4052 anima-

771 4077 835 4117 rum
851 4078 884 4117 ei
900 4079 974 4134 aqua
990 4072 1018 4121 et
1029 4065 1135 4137 Spiritu
1155 4069 1185 4122 in
1198 4067 1360 4140 Baptismo;

773 4133 899 4189 secunda
913 4150 1065 4207 corporum
1081 4137 1109 4193 in
1125 4139 1255 4209 generali
1274 4153 1362 4195 resur

773 4204 910 4285 rectione,
926 4222 989 4277 quaa
1005 4208 1119 4290 quidem
1135 4210 1310 4268 resurrectio
1323 4209 1361 4265 di·

773 4281 846 4332 citur
863 4285 1044 4350 regeneratio
1065 4281 1108 4336 iel
1130 4284 1258 4341 secunda
1272 4297 1360 4354 gene·
