2820 4928
131 354 174 408 158
480 348 639 403 SECUNDAE
667 348 785 402 lintis
813 348 918 402 tibur
946 348 1039 400 xxii·

133 460 297 518 ostenderet
326 471 390 513 eum
409 470 468 512 non
491 471 524 513 ex
548 454 717 512 infirmitate

134 531 207 591 mori
223 548 231 587 ι
246 550 261 582 »
277 530 339 586 haee
360 530 578 597 chrysostomus.
605 531 637 584 ln
662 530 716 585 hoc

134 610 229 662 autem
245 601 322 673 quod
350 603 437 656 secuti
450 606 516 656 suut
541 616 611 671 eum,
638 605 718 673 patet

134 691 232 733 eorum
257 671 410 745 gratitudo,
436 672 578 744 quianon
601 671 717 729 resilie-

136 750 201 804 runt
215 753 279 818 post
293 744 433 802 beneficia
451 745 558 801 donata
574 743 615 801 eis
630 761 647 801 a
661 746 716 801 Do-

135 817 224 888 mino,
256 818 333 891 quod
361 823 458 874 tamen
487 816 567 873 multi
597 816 715 884 laeiunt,

133 889 183 962 qui
201 896 267 962 post
281 888 421 947 beneficia
436 887 541 961 ingrati
565 887 717 946 existentes

134 962 171 1019 ad
186 964 325 1018 remitum
339 966 532 1031 revertuntur,
548 968 577 1018 et
601 961 638 1017 ad
658 976 716 1017 ma-

136 1034 193 1091 lum
200 1034 329 1090 redeunt.
343 1035 393 1090 Ubi
407 1033 482 1090 idem
490 1036 696 1104 chrysostomus
708 1048 715 1086 :

136 1127 150 1160 u
179 1107 215 1162 bt
236 1106 277 1162 illi
310 1122 367 1162 non
387 1107 500 1163 luerunt
525 1106 608 1174 tales,
625 1106 719 1163 sedet

136 1183 204 1236 ante
218 1177 401 1235 donationem
421 1181 534 1236 luerunt
553 1193 718 1250 persevera·

136 1251 219 1320 biles,
235 1255 264 1307 et
280 1255 344 1324 post
356 1251 501 1307 dationem
517 1249 601 1321 grati.
619 1252 676 1306 llos
691 1254 719 1306 et

138 1339 191 1380 nos
206 1322 340 1380 zelemur.
361 1322 478 1379 Etiamsi
498 1321 654 1379 tardaverit
668 1322 718 1377 da-

134 1395 243 1452 tionem
263 1397 347 1464 Deus,
368 1395 478 1451 etiamsi
506 1394 586 1451 multi
602 1394 658 1451 sint
671 1392 718 1465 qui

136 1467 290 1534 abducant,
309 1482 345 1522 ne
369 1465 539 1523 desistamus
565 1471 718 1538 petentes;

136 1540 177 1594 sie
193 1543 268 1595 enim
283 1536 405 1593 maxime
425 1540 514 1594 Deum
531 1539 718 1594 attrabcmus.

135 1610 206 1666 Vide
220 1610 315 1679 itaque
329 1614 357 1665 et
371 1607 417 1664 liic
430 1609 552 1680 qualiter
567 1610 719 1666 vehemen-

138 1685 196 1737 tem
211 1696 312 1737 eorum
324 1679 651 1752 concupiscentiamnou
663 1681 722 1736 ino-

136 1751 193 1825 pia,
207 1768 264 1808 nou
286 1754 407 1821 caecitas,
431 1767 488 1808 non
509 1751 612 1821 audiri,
628 1770 685 1810 non
704 1769 722 1808 a

138 1823 722 1898 turbisincrcpari,nonaliquidaliudpro-

138 1895 241 1953 hibuit.
255 1896 330 1953 Talis
348 1902 392 1954 est
406 1899 502 1954 anima
517 1899 630 1955 fervens
648 1904 676 1954 et
693 1899 722 1953 in

137 1969 235 2026 labore
247 1985 364 2026 versans
377 1987 383 2029 :
397 1990 412 2025 ι)
430 1971 492 2027 hmo
504 1971 720 2041 Chrysostomus.

138 2043 180 2098 Tu
194 2058 264 2113 ergo
280 2045 403 2099 existens
419 2048 498 2099 extra
516 2042 590 2100 uiam
616 2049 644 2100 et
667 2060 721 2100 cae·

139 2130 198 2179 cus,
215 2118 307 2172 clama
322 2115 359 2171 ad
372 2118 480 2182 lesum,
495 2121 524 2171 ut
539 2122 566 2172 te
579 2115 721 2173 illumina·

139 2202 170 2241 re
185 2185 329 2256 dignetur,
346 2186 383 2242 ad
397 2187 491 2259 ipsum
506 2186 669 2258 ridendum,
689 2204 722 2244 ac

139 2256 196 2312 tide
211 2262 239 2311 et
262 2257 422 2313 imitatione
447 2258 633 2328 sequendum,
656 2259 722 2330 quia

139 2327 193 2382 hoc
207 2327 349 2399 praecipue
365 2334 408 2384 est
422 2328 505 2384 nobis
518 2330 719 2387 necessarium.

139 2397 190 2455 Ubi
203 2400 405 2466 Augustinus:
429 2421 443 2452 u
464 2401 534 2457 Tota
550 2401 645 2474 igitur,
663 2402 722 2459 lra-

139 2474 208 2534 tres,
229 2486 316 2543 opera
340 2479 439 2529 nostra
469 2471 500 2527 in
527 2474 580 2530 lmc
606 2476 663 2531 vita
680 2480 722 2532 est

64 2554 68 2562 ·
139 2557 241 2599 sanare
256 2544 367 2601 oculum
382 2543 485 2608 cordis,
506 2547 581 2603 unde
594 2545 723 2605 videatur

141 2615 227 2673 Deus.
243 2616 285 2671 bd
309 2618 374 2680 lios,
389 2624 570 2676 sacrosancta
589 2620 724 2691 mysteria

139 2686 335 2768 celebrantur3
356 2690 393 2745 ad
410 2691 464 2746 boe
479 2707 572 2748 serino
586 2692 636 2747 Dei
651 2709 722 2764 pree-

139 2758 266 2827 dicatur;
286 2761 323 2817 ad
347 2761 412 2830 hoc,
432 2762 642 2820 exhortationes
662 2780 723 2820 mo·

140 2830 225 2899 rales,
248 2830 277 2888 id
301 2839 345 2889 est
370 2834 544 2907 pertinentes
570 2835 606 2893 ad
633 2835 722 2894 corri-

139 2904 249 2976 gendos
265 2920 371 2976 mores,
388 2907 424 2963 ad
444 2908 639 2966 emendandas
661 2925 723 2966 car·

140 2976 221 3032 nales
236 2977 490 3051 concupiscentias,
508 2980 544 3037 ad
559 2981 725 3038 renuntian-

140 3047 289 3130 dum„non
302 3067 370 3107 verce
383 3056 509 3119 tantum,
522 3054 571 3109 sed
583 3053 725 3111 mutatati·

138 3135 193 3176 one
208 3129 283 3191 sitae,
301 3122 368 3180 huic
380 3127 492 3192 secuto;
509 3125 544 3181 ad
559 3126 612 3181 hoc
625 3131 722 3197 agunt,

139 3191 277 3263 quidquid
293 3199 391 3264 agunt,
401 3194 504 3252 divinae
517 3213 663 3269 sacraeque
677 3197 722 3253 lit·

140 3267 218 3330 terae,
243 3272 273 3320 ut
299 3272 439 3337 purgetur
456 3267 526 3323 illud
548 3268 667 3327 interius
686 3271 722 3327 ab

139 3348 174 3389 ea
192 3350 240 3403 re,
263 3351 327 3405 quae
346 3354 399 3393 nos
416 3338 535 3410 impedit
550 3342 586 3397 ab
605 3357 636 3397 as
658 3348 723 3398 ectu

138 3404 208 3460 Dei:
224 3425 235 3455 ι
250 3405 312 3462 hose
322 3409 505 3477 Augeesttuus.
522 3411 572 3467 Ubi
588 3419 616 3468 et
630 3358 722 3483 tiriae·

137 3490 184 3530 nes
196 3490 204 3532 ι
218 3498 232 3527 ι
246 3477 280 3532 Et
294 3493 347 3534 nos
360 3495 429 3551 ergo
441 3481 574 3539 sedentes
582 3483 662 3556 juxta
675 3487 722 3543 Sa·

772 451 1354 538 crarumSerlpturarumriam,etintelii-

770 523 1354 611 gentesinquibuscaeeisumus,siabetlc·

771 607 817 656 otu
831 599 1006 672 petierimus,
1022 602 1126 671 tanget
1145 597 1250 654 oculos
1268 597 1356 654 anima·

771 687 835 728 rum
850 676 1023 741 nostrarum,
1038 675 1067 727 et
1083 669 1228 727 recedent
1248 686 1265 725 a
1282 670 1354 726 sensi·

771 744 825 800 bus
848 743 953 800 nostris
982 743 1112 800 tenebrae
1130 741 1313 814 ignorantia,
1333 748 1356 798 ut

772 831 837 873 eum
851 815 997 872 rideamus
1007 822 1036 871 et
1048 830 1226 887 sequamur,
1237 814 1284 887 qui
1294 814 1356 871 dedit

772 888 923 945 nobismeti
944 887 983 944 sis
1012 904 1100 960 posse
1122 886 1229 944 ridere
1256 893 1356 959 propter

772 959 843 1016 nihil
858 903 944 1027 nliuef,
958 959 1013 1016 nisi
1028 965 1058 1017 ut
1074 975 1142 1017 eum
1158 974 1314 1032 sequamur
1326 981 1331 1014 :

772 1033 833 1088 haee
845 1033 984 1101 Origenes.

809 1109 824 1160 6
842 1106 961 1161 blrsmcn
974 1121 1008 1160 ns
1026 1104 1131 1160 Jnnnrs
1150 1121 1187 1160 nr
1210 1122 1246 1161 nn
1267 1120 1356 1160 rotun

773 1177 896 1234 Gemini.
919 1208 954 1218 —
970 1178 1024 1233 Per
1038 1175 1112 1233 duos
1128 1192 1228 1234 caecos
1243 1175 1311 1233 istos
1327 1176 1356 1232 si·

773 1249 948 1321 gnificantur
957 1249 1013 1305 duo
1025 1248 1138 1322 populi,
1149 1248 1265 1307 scilicet
1277 1265 1284 1305 :
1299 1249 1358 1305 Gen·

773 1322 848 1392 tiles,
867 1321 914 1394 qui
930 1327 1014 1378 erant
1028 1322 1166 1378 exeaecati
1182 1336 1237 1394 per
1251 1319 1358 1377 idolola-

774 1393 875 1464 triam;
893 1399 921 1450 et
935 1394 1038 1462 Judaei,
1055 1408 1107 1466 per
1124 1392 1294 1450 doctrinam
1308 1408 1359 1465 per·

774 1482 897 1534 uersam,
918 1466 1084 1522 mandatum
1109 1464 1164 1521 Dei
1187 1463 1359 1547 transgredi-

774 1544 854 1595 entes
871 1544 989 1610 propter
1004 1535 1181 1594 traditiones
1200 1538 1359 1601 hominum

776 1610 823 1682 qui
838 1611 976 1667 sedebant
989 1626 1071 1667 secus
1090 1610 1183 1678 riam,
1199 1607 1271 1692 quia
1292 1607 1359 1665 ride

775 1683 881 1740 bantur
903 1682 1010 1739 habere
1035 1678 1118 1764 Legis
1148 1680 1299 1748 notitiam,
1318 1678 1359 1737 sed

775 1754 862 1823 viam,
878 1771 941 1826 quae
962 1761 1007 1812 est
1022 1755 1167 1824 Christus,
1183 1753 1359 1827 ignorabant.

776 1829 901 1894 Quorum
914 1827 986 1883 alter
1000 1826 1093 1898 legem
1105 1824 1287 1889 naturalem,
1300 1824 1361 1882 alter

776 1899 928 1971 Scripturas
954 1899 1046 1971 legem
1068 1899 1213 1968 habebat,
1237 1895 1361 1977 standi·

776 1971 1362 2043 eruntdetransitulesu,postquamemit

776 2044 812 2101 de
825 2045 948 2113 Jericho,
964 2043 992 2100 id
1005 2048 1048 2099 est
1061 2042 1097 2100 de
1112 2043 1171 2100 hoc
1185 2043 1306 2112 secuto;
1320 2039 1362 2097 sed

775 2118 843 2173 lesu
859 2131 960 2173 eorum
976 2114 1073 2171 oculos
1088 2114 1236 2173 mentales
1253 2121 1361 2195 langen

777 2196 816 2258 te,
830 2185 980 2244 illuminati
994 2192 1059 2246 sunt
1085 2185 1170 2244 multi
1192 2187 1231 2243 de
1251 2185 1360 2252 ludaeis,

777 2261 851 2318 etde
868 2259 1004 2318 Gentibus
1018 2260 1125 2332 plures,
1140 2274 1209 2316 cum
1222 2274 1279 2333 per
1286 2257 1360 2338 tidem

778 2340 805 2390 et
820 2348 903 2461 Ἧιοιιι
926 2339 1025 2389 saneta
1045 2336 1212 2403 sequentes.
1232 2332 1269 2387 Et
1291 2343 1361 2402 prius

777 2403 825 2533 qui
848 2420 893 2461 em
920 2421 1019 2473 unum,
1040 2410 1142 2477 postea
1169 2402 1248 2460 duos
1281 2414 1361 2460 caecos

776 2476 785 2534 i
798 2477 927 2545 luminat,
941 2477 1008 2549 qula
1024 2492 1110 2533 unum
1143 2474 1207 2532 rius
1220 2474 1361 2549 populum,

778 2548 881 2605 deinde
901 2549 973 2606 duos
993 2551 1084 2605 rorat.
1130 2547 1188 2604 nde
1207 2547 1252 2604 ait
1271 2546 1360 2605 neda:

779 2642 792 2675 e
810 2620 890 2690 Quod
907 2627 1002 2678 autem
1026 2617 1273 2693 appropinquans
1297 2615 1361 2676 leri·

778 2693 842 2760 eho,
870 2709 957 2749 unum
985 2690 1168 2761 illuminarit,
1190 2708 1227 2749 ae
1256 2688 1361 2772 protici-

778 2781 860 2822 scens
872 2766 908 2821 de
918 2766 1031 2822 lericho
1040 2764 1187 2833 duos,hoe
1201 2763 1359 2821 intimant:

779 2838 854 2910 quod
869 2845 935 2893 ante
959 2836 1123 2894 Passionem
1138 2852 1225 2895 suam
1241 2835 1292 2894 nni
1305 2840 1361 2891 tan·

778 2915 840 2966 tum
860 2909 965 2982 populo
986 2909 1152 2968 ludaeorum
1178 2905 1359 2980 praedicarim

778 2988 842 3055 post
859 2981 1098 3039 resurrectionem
1124 2997 1194 3038 vero
1211 2988 1301 3054 atque
1324 2993 1361 3036 as

778 3053 941 3111 censionem
966 3070 1057 3119 suam,
1078 3069 1130 3126 per
1148 3054 1317 3136 Apostolos,
1337 3054 1362 3107 et

777 3125 883 3183 ludaeis
897 3134 924 3183 et
936 3127 1073 3184 Gentibus
1092 3123 1258 3183 divinitatis
1269 3124 1362 3183 suaet

777 3199 963 3256 humanitatis
977 3213 1082 3256 arcana
1095 3197 1236 3270 patefecit
1250 3215 1258 3255 z
1280 3196 1360 3253 »hee

777 3272 861 3327 Reda.
883 3272 968 3328 Plura
986 3272 1022 3328 ad
1037 3268 1249 3341 expositionem
1264 3274 1293 3328 et
1308 3282 1359 3325 me

777 3343 944 3400 ditationem
958 3341 1143 3416 pertinentia,
1157 3358 1248 3417 supra
1264 3344 1298 3400 de
1310 3355 1359 3397 uno

777 3432 851 3471 carco
868 3415 972 3488 posita,
983 3420 1101 3544 possunt
1110 3414 1157 3471 hic
1169 3412 1324 3499 applicari;
1336 3414 1359 3494 el

776 3503 792 3544 e
807 3504 980 3562 conversop
993 3503 1045 3546 ura
1055 3487 1100 3545 bie
1109 3486 1255 3561 positaibi
1264 3492 1358 3559 aptam.

684 3676 817 3736 ORATIO

175 3832 232 3914 lisa
252 3830 334 3900 lucis,
350 3839 380 3892 et
397 3835 459 3920 tons
475 3837 601 3922 luminis,
617 3841 737 3898 Domine
748 3843 826 3912 lesu,
838 3845 885 3971 qui
905 3844 1030 3902 duorum
1047 3858 1189 3903 caecorum
1207 3844 1246 3904 ad
1264 3850 1294 3907 te
1307 3846 1359 3905 cta·

139 3910 281 3987 manlium
293 3906 398 3988 ellectu
409 3912 613 3969 misericordias
629 3912 774 3983 misertus,
796 3931 847 3971 ocu
861 3933 892 3972 os
908 3933 1006 3974 eorum
1021 3923 1150 3990 tangere,
1165 3922 1195 3976 et
1210 3922 1252 3977 sie
1262 3936 1318 3978 eos
1328 3918 1360 3977 il·

138 3977 280 4059 luminare
299 3979 434 4063 dignatus
450 3998 490 4049 es,
507 3988 603 4055 tange,
620 4001 726 4058 quoeso,
747 3987 844 4044 oculos
866 4004 945 4045 meos
967 3989 1137 4062 spirituales,
1154 3996 1184 4048 et
1205 3991 1296 4050 radiis
1309 3998 1361 4050 tun

139 4047 210 4105 lucis
225 4058 428 4110 conscientiam
444 4070 537 4111 meam
552 4056 672 4126 illustra,
690 4058 725 4115 ad
740 4065 767 4116 te
785 4061 1045 4134 contemplandum,
1063 4063 1098 4119 ad
1120 4078 1167 4120 me
1188 4080 1361 4139 eognoscen-

139 4119 218 4193 dum,
244 4124 285 4207 ad·
307 4126 466 4210 proximum
483 4128 680 4185 instruendum
711 4138 739 4187 et
753 4133 919 4204 juvandum.
938 4134 1050 4192 ltlustra
1066 4150 1115 4191 cor
1134 4151 1232 4193 meum
1259 4137 1362 4196 lumine

141 4197 197 4251 luae
211 4202 313 4268 gratiae
328 4199 442 4271 dirime,
462 4205 493 4258 ut
506 4206 533 4258 te
548 4200 696 4258 ductorem
707 4203 876 4261 inomnibus
890 4204 942 4261 viis
952 4208 1023 4265 meis
1033 4207 1167 4276 habeam,
1183 4212 1210 4266 te
1225 4208 1364 4268 imitando

139 4279 262 4349 sequar3
280 4276 309 4324 et
322 4277 360 4354 te,
383 4275 431 4345 qui
444 4288 476 4330 es
489 4289 576 4346 super
596 4275 702 4346 omnia,
715 4290 774 4349 pue
789 4276 920 4335 omnibus
939 4277 1056 4337 timeam
1075 4283 1104 4339 et
1121 4278 1253 4355 diligam,
1271 4288 1363 4342 tusu-

140 4349 197 4406 que
214 4353 243 4396 m
262 4343 395 4402 omnibus
409 4345 510 4403 laetam
525 4345 709 4404 voluntatem.
724 4348 823 4404 Amen.
