2820 4928
247 388 289 446 bil
316 391 471 447 bullato
498 390 537 452 ΕΤ
564 391 813 448 Puasacorlortu
841 391 1069 449 atllutlstsrr.
1228 393 1276 446 257

48 502 109 559 illis
123 501 220 557 dicbus
238 520 246 556 :
262 500 339 572 quia,
355 500 391 557 ad
406 499 542 567 litteram,
558 516 637 570 prae-

47 578 170 649 guantes
195 588 252 629 non
283 576 402 642 possunt
429 574 501 629 bene
527 572 637 642 lugere,

47 650 225 717 augravante
238 644 373 715 pondere,
385 660 435 699 nec
447 642 578 699 similiter
589 660 639 698 nn-

49 714 639 788 trientesproptereuram,quacirrapar-

50 788 131 847 aulos
144 796 212 844 sunt
227 793 380 859 occupatae.
399 789 514 858 Alpstice
531 794 638 856 autem,

48 866 232 933 praegnantes
241 865 316 928 sont,
328 861 375 931 qui
389 859 488 915 loetum
499 859 565 915 mali
578 874 640 931 pro·

48 931 133 1006 positi
146 938 353 1015 concepernut;
367 938 395 986 et
408 930 575 999 nutrientes,
591 929 638 1001 qni

48 1014 164 1079 partum
175 1001 635 1074 mahoperislorentetnutrinnt:

50 1081 81 1133 et
95 1077 136 1132 sic
151 1080 266 1133 notatur
284 1074 314 1130 in
330 1073 527 1146 conceptione,
539 1090 639 1145 perca·

50 1154 113 1205 tum
124 1147 153 1204 in
164 1148 265 1214 corde,
278 1145 308 1202 in
320 1146 485 1213 nutritione,
493 1152 638 1216 peecatum

25 1232 30 1239 ·
51 1220 195 1290 inopere.
216 1219 276 1287 Vel,
298 1225 477 1290 praegnantes
498 1224 574 1286 snnt,
592 1217 638 1289 qni

51 1291 130 1348 bona
141 1293 286 1363 proposita
297 1306 360 1361 qirae
373 1294 573 1360 conceperunt,
584 1305 640 1345 nan

53 1364 259 1433 impleverunt:
277 1362 446 1428 nutrientes,
462 1360 509 1431 qni
526 1364 641 1432 peccata

53 1436 106 1490 sub
121 1450 170 1561 ege
183 1433 321 1504 longioris
333 1433 397 1489 vitan
412 1448 499 1504 usque
515 1433 550 1488 ad
567 1449 639 1488 mur·

53 1509 113 1562 tem
149 1505 316 1562 eduxerunt.
332 1505 392 1573 Vel,
409 1505 564 1560 secundum
579 1506 638 1560 Aa·

52 1580 206 1647 pastinum,
216 1583 398 1649 pregnantes
412 1581 480 1631 saint
492 1579 579 1645 aratri,
591 1575 639 1647 qni

54 1647 149 1705 aliena
165 1654 379 1721 concupiscunt,
395 1654 424 1705 et
439 1664 517 1720 spem
534 1650 641 1705 habent

53 1719 229 1795 adipiscendi
245 1724 319 1777 sicut
334 1722 435 1776 mulier
445 1736 596 1792 praegnans
612 1722 640 1774 in

53 1808 104 1862 spe
126 1796 169 1849 est
192 1792 299 1861 prolem
322 1793 461 1860 habendi3
482 1791 641 1848 nutrientes

54 1879 122 1920 vero
133 1868 209 1932 sunt,
220 1863 269 1934 qni
280 1865 355 1935 qnod
367 1864 568 1936 concupierunt
579 1880 642 1935 pns-

54 1934 159 2003 sident,
179 1941 207 1991 et
229 1952 359 2003 possessa
382 1935 491 1991 nutrire
514 1935 639 2004 student,

53 2022 89 2063 ea
103 2006 259 2064 detinendo
274 2013 302 2063 et
317 2008 447 2077 augendo
464 2013 512 2062 :ot
526 2006 565 2061 sic
578 2008 640 2062 ani-

52 2079 230 2151 maecnpidae
243 2078 445 2148 temporalium
461 2083 640 2148 prrcgnantcs

52 2150 166 2207 suntin
183 2149 366 2222 acquirendo,
381 2157 409 2207 et
429 2153 589 2207 nutrientes
610 2151 639 2205 in

52 2221 237 2294 possidendo.
254 2224 288 2278 Et
303 2230 380 2289 nota,
392 2223 548 2278 secundum
564 2237 641 2276 enm·

52 2294 120 2351 dem
144 2295 347 2363 Aupustinum,
368 2295 442 2365 quod
466 2293 640 2365 quadruplex

51 2370 97 2423 est
117 2364 230 2430 caritas,
247 2366 355 2422 scilicet
375 2390 381 2424 ι
406 2365 556 2437 incipiens,
577 2381 640 2436 qnae

52 2437 197 2507 nescitum
219 2438 385 2509 proficiens,
410 2454 475 2509 quae
497 2437 638 2505 nutritur;

50 2509 190 2582 perlecta,
207 2525 270 2579 quae
289 2510 457 2577 roboratur;
480 2508 639 2578 perfectior,

52 2596 120 2652 quae
139 2588 261 2637 mortem
281 2581 434 2637 desiderat.
458 2584 640 2651 Praegnantes

51 2668 123 2723 crgo
137 2659 212 2722 sunt,
229 2652 278 2724 qui
297 2653 403 2708 bonum
422 2669 492 2723 opius
506 2668 640 2721 concepe-

50 2730 132 2793 runt,
151 2724 203 2781 sed
223 2740 281 2781 non
303 2724 448 2791 lecerunt;
471 2726 639 2791 nutrientes,

50 2795 103 2869 qui
113 2796 206 2852 iacere
219 2801 374 2867 coeperunt,
387 2796 505 2852 sednon
518 2796 640 2865 persece-

50 2871 132 2925 runt.
146 2868 210 2925 istis
221 2873 314 2924 autem
326 2867 539 2941 praegnantibus
551 2872 579 2922 et
590 2881 641 2921 nu-

51 2938 209 2996 trientibus
227 2955 277 3007 oae,
294 2939 427 3010 quoniam
443 2939 497 2995 cito
515 2938 640 2994 scanda-

52 3009 424 3068 lizabunturinAnticbristi
434 3009 640 3083 persecutione,

52 3082 99 3139 rel
109 3098 206 3139 amore
218 3082 291 3139 male
302 3082 365 3138 illas
378 3081 585 3150 inflammante,
596 3081 640 3136 rel

54 3152 159 3211 timore
185 3154 259 3210 male
285 3154 464 3221 humiliante,
483 3154 527 3210 vel
556 3154 641 3208 modo

55 3229 188 3297 utroque.
203 3224 322 3294 Deinde,
334 3228 463 3282 hortatur
475 3231 506 3281 ut
516 3239 640 3291 oremus,

55 3295 155 3353 dicens
171 3317 177 3354 :
195 3298 278 3354 Orate
290 3304 381 3353 autem
394 3304 425 3353 ut
441 3314 496 3352 non
509 3301 559 3367 fiat
572 3300 642 3364 supa

55 3375 150 3425 oestro
166 3372 196 3424 in
211 3371 297 3424 hicme
311 3371 354 3424 cel
366 3370 491 3435 subbato,
506 3369 533 3423 id
549 3374 592 3424 est
607 3383 642 3423 ne

55 3445 107 3498 aut
128 3439 157 3496 in
179 3440 285 3511 frigore
309 3447 499 3512 pcccatorum,
516 3446 564 3497 aut
585 3438 642 3496 otio

55 3512 198 3569 bonorum
209 3528 326 3583 operum
338 3515 524 3585 reperiamur,
537 3520 643 3568 utrum·

57 3599 114 3655 quie
131 3582 207 3639 eninr
224 3588 342 3639 muttum
362 3584 477 3654 impedit
498 3584 644 3639 lmminem

56 3671 75 3712 a
87 3656 154 3727 luga
165 3655 341 3723 Anticlrristi,
354 3658 409 3711 into
419 3655 509 3726 magis
520 3656 584 3711 sarcit
595 3671 644 3726 ap·

58 3728 221 3799 proximare
234 3728 303 3797 sibu
321 3728 422 3783 siculo
440 3730 581 3783 contrario
597 3728 645 3781 cli-

59 3799 197 3854 vertendo
211 3815 228 3855 a
244 3800 328 3867 male,
345 3804 374 3856 et
388 3799 515 3855 tacieudo
529 3800 645 3865 hunum,

60 3871 148 3927 homo
168 3875 346 3943 approximat
368 3874 435 3927 Deo.
457 3869 648 3938 spiritualiter

61 3942 193 4013 signatur
207 3942 252 3998 hic
264 3945 365 4012 dupli-x
376 3946 511 4009 dol'cclus,
521 3941 626 3995 scilicet
639 3957 646 3995 ε

60 4012 232 4070 carnaliam
252 4014 355 4073 hieme.
377 4023 404 4069 et
422 4016 503 4069 laona:
525 4014 647 4084 operati-

60 4085 126 4143 onis
145 4085 175 4140 in
191 4086 319 4142 sabbato.
337 4088 368 4140 ln
385 4084 477 4140 hieme
493 4091 535 4140 est
550 4082 648 4154 getici·

60 4157 141 4214 dium
168 4157 293 4225 am·ris;
319 4158 348 4213 in
375 4158 505 4224 sabbato,
529 4155 648 4211 cessatio

59 4227 129 4287 troni
144 4232 250 4300 aperis.
266 4228 327 4297 Vol,
343 4244 379 4285 ne
399 4236 464 4284 tunc
479 4226 649 4297 incipiamus

80 4304 179 4357 cecata
188 4306 286 4358 notra
296 4302 443 4372 tugere,et
453 4297 649 4371 poeniteutiam

59 4319 290 4445 facerequando
296 4375 357 4446 jam
365 4371 494 4429 nonlicet
503 4370 649 4429 ambulare

127 4468 558 4532 Vmstnsncsursrrsl'ounslll.

693 504 721 555 et
730 499 801 555 hene
810 515 905 571 agere.
917 500 1069 557 Ambulare
1079 501 1154 558 enim
1164 499 1279 574 longius

694 572 812 628 sabbato
830 588 887 627 non
909 572 985 640 licet,
1002 572 1095 629 hiems
1114 588 1227 645 quoque
1244 572 1280 629 ad

694 644 899 699 ambulandum
916 644 1151 717 impedimentum
1164 651 1216 701 est.

730 720 744 769 5
761 717 925 772 'lnrnunarrn
944 734 1049 773 rurum
1070 734 1118 773 son
1133 720 1280 772 Araricum·

695 804 758 855 sr03
772 804 854 843 cocos
866 806 1016 845 ruscianos
1029 806 1060 844 rr
1073 806 1188 845 nunerio
1198 806 1280 845 nurus

694 876 910 916 rsnsscurroms.
927 894 961 902 —
979 865 1041 917 Erit
1055 864 1126 917 euim
1143 866 1207 917 tunc
1227 864 1278 917 tri·

695 932 800 986 britolio
815 949 927 1003 mopna,
936 936 1028 1004 paulis
1042 949 1096 988 non
1109 935 1166 1001 suit
1179 934 1214 988 ab
1226 936 1279 988 ini·

694 1005 732 1057 tio
746 1005 844 1058 muudi
856 1021 942 1075 usque
954 1006 1140 1076 modulisque
1152 1009 1198 1075 fiet
1212 1005 1280 1061 ulte·

694 1073 752 1130 rius
763 1076 828 1131 tatis
841 1076 996 1133 tribulatio.
1006 1078 1082 1132 Tunc
1094 1076 1171 1132 enim
1183 1092 1283 1133 omnes

696 1147 908 1217 persecutiones
922 1148 1126 1204 conflabuntur
1139 1148 1168 1204 in
1181 1164 1281 1218 unum,

695 1217 823 1274 scilicet:
841 1218 1001 1276 infidelium
1021 1226 1049 1275 et
1068 1219 1281 1303 lraereticorum,

695 1292 883 1361 tyrannorum
899 1297 928 1348 et
942 1292 1079 1347 falsorum
1101 1292 1229 1347 teatrum.
1247 1294 1280 1347 llr

696 1367 761 1416 sunt
774 1362 994 1433 quatuorcenti,
1007 1367 1034 1418 ct
1046 1368 1169 1434 quatuor
1181 1363 1281 1420 bustim

697 1439 856 1504 pugnantes
869 1434 898 1489 in
915 1434 996 1491 inari.
1014 1437 1090 1491 Tunc
1107 1434 1282 1492 creberrima

696 1512 724 1559 ct
742 1521 882 1562 acerrima
901 1510 1043 1563 tormenta
1062 1505 1147 1577 longe
1168 1506 1281 1579 lateque

696 1575 858 1633 interantur
875 1578 1027 1645 tidelibns;
1045 1578 1138 1634 sedin
1156 1577 1211 1633 illis
1230 1595 1281 1634 re-

695 1647 828 1719 gionibus
852 1654 920 1705 ωηο
947 1650 1047 1705 fideles
1071 1655 1136 1706 sunt
1162 1649 1281 1706 vexandi

695 1720 901 1789 vehementius,
916 1722 961 1777 nbi
976 1724 1110 1778 Dominus
1126 1722 1177 1778 luit
1190 1721 1280 1778 cruci-

696 1792 775 1848 ωηο.
793 1795 836 1861 Et,
853 1797 882 1848 ut
898 1793 966 1849 dicit
981 1796 1086 1861 Horpmo
1104 1810 1189 1865 super
1200 1797 1282 1865 Apo-

695 1865 842 1936 calypsim,
854 1864 903 1920 illa
918 1865 1063 1921 tribulatio
1078 1882 1134 1920 non
1150 1882 1201 1937 per
1213 1882 1283 1939 par-

695 1941 749 2003 tes,
762 1936 811 1991 sed
823 1935 904 1991 simul
916 1942 1005 1992 totum
1018 1935 1190 1992 examinavit
1205 1953 1283 1993 mun-

696 2008 763 2062 dum
778 2024 785 2061 :
802 2007 947 2063 solventur
958 2006 1035 2063 enim
1049 2014 1114 2064 tunc
1126 2008 1281 2080 daemones,

696 2078 744 2150 qui
763 2079 848 2134 modo
862 2077 941 2149 ligati
957 2084 1032 2141 sunt,
1048 2095 1083 2135 nc
1099 2082 1209 2151 possint
1224 2097 1282 2136 no-

696 2166 759 2206 cere
782 2156 918 2221 quaritum
943 2150 1057 2207 vellent.
1084 2151 1163 2208 Sicut
1186 2156 1282 2208 autem

694 2221 885 2278 Antichristus
909 2222 1051 2279 crudelior
1068 2223 1128 2279 ‘erit
1148 2223 1281 2281 omnibus

695 2293 936 2365 persecutoribus,
955 2292 994 2350 ita
1014 2294 1108 2351 Sancti
1128 2302 1195 2351 tunc
1217 2296 1281 2352 lor-

695 2365 781 2421 tiores
815 2371 898 2422 erunt
934 2366 1066 2423 omnibus
1099 2367 1278 2439 Alartyribus.

696 2438 775 2493 Illam
801 2454 868 2493 vero
894 2437 1121 2507 tribulationem,
1147 2440 1281 2497 Dominus

696 2510 788 2565 sciens
798 2509 992 2565 intirmitatem
1005 2511 1171 2579 humanam,
1180 2512 1280 2568 abbre-

695 2579 783 2636 viabit
796 2585 913 2652 proptor
927 2581 1042 2650 electos,
1055 2582 1208 2638 secundum
1220 2598 1280 2638 mo-

695 2651 831 2708 deramen
852 2668 912 2707 suae
937 2657 1051 2709 aeternae
1075 2652 1232 2726 sapientiae,
1253 2658 1282 2709 ct

696 2724 827 2780 allectum
844 2740 903 2780 suae
917 2723 1134 2795 misericerdiae3
1151 2741 1187 2781 ne
1201 2741 1282 2781 mora

695 2803 858 2867 temporum
874 2795 944 2851 tides
965 2796 1143 2852 concutiatur
1163 2796 1281 2853 ereden-

696 2867 778 2935 tium‚
800 2873 829 2922 et
849 2867 958 2923 malitia
982 2871 1069 2923 mutet
1094 2867 1282 2939 intellectum,

696 2938 764 3010 quia
777 2955 834 2994 non
847 2937 962 2995 durabit
976 2938 1031 2994 nisi
1045 2955 1096 3011 per
1108 2942 1167 2995 tres
1182 2954 1282 3009 annos,

696 3026 761 3066 cum
776 3009 903 3066 dimidio.
920 3012 954 3066 Ut
970 3010 1047 3066 enim
1061 3009 1165 3066 dicitnr
1178 3009 1208 3066 in
1226 3011 1281 3065 Da·

697 3081 772 3137 niele
782 3099 788 3138 :
798 3082 917 3136 Durabit
925 3098 975 3153 per
986 3088 1102 3153 tempus,
1114 3087 1140 3138 et
1150 3087 1282 3153 ternpore,

697 3159 723 3208 et
741 3154 890 3208 dimidium
915 3156 1060 3224 temporis,
1079 3152 1108 3209 id
1132 3159 1175 3210 est
1191 3152 1284 3210 tribus

697 3222 781 3280 annis
798 3230 826 3280 et
846 3223 973 3293 dimidio,
988 3223 1016 3280 in
1033 3225 1136 3296 quibus
1151 3224 1283 3297 regnabit

697 3295 899 3365 Antichristus,
916 3304 1054 3367 quantum
1072 3302 1101 3353 et
1117 3295 1283 3369 praedicarit

698 3367 836 3424 Christus.
852 3370 886 3423 Et
902 3366 1004 3425 iterum
1021 3367 1049 3424 in
1064 3369 1178 3426 Daniele
1195 3388 1200 3427 :
1218 3372 1281 3425 Dies

697 3442 774 3495 mitte
794 3441 904 3495 ducenti
926 3444 1087 3509 nunnpintu,
1109 3440 1136 3496 id
1159 3447 1201 3498 est
1222 3448 1281 3498 tres

698 3528 788 3568 auitos
803 3518 831 3567 et
847 3511 1013 3579 dimidium3
1027 3517 1055 3568 et
1069 3514 1096 3568 in
1113 3513 1281 3586 Apocalypsi

698 3582 812 3650 dicitnr,
828 3587 902 3655 quod
922 3585 989 3638 dato
1004 3590 1044 3639 est
1059 3588 1084 3639 ei
1101 3592 1222 3655 potestus
1235 3591 1281 3653 su-

699 3673 756 3711 ccrc
770 3672 873 3711 mensos
891 3656 1080 3725 quadruplata
1094 3658 1172 3723 citios,
1189 3656 1217 3711 id
1239 3663 1284 3713 est

701 3733 759 3782 tres
772 3743 861 3782 arriana
875 3742 938 3781 cum
958 3727 1085 3783 dimidiu.
1102 3730 1138 3782 Et
1156 3731 1212 3783 nisi
1229 3729 1286 3782 bre-

701 3801 783 3865 rinti,
798 3798 826 3853 id
845 3802 888 3853 est
909 3802 1008 3854 lucres
1027 3816 1043 3853 a
1062 3801 1118 3855 Deo
1136 3796 1287 3924 prastituti

701 3872 820 3937 sciissent
838 3871 896 3923 dics
909 3871 963 3931 illi,
980 3870 1082 3941 quibus
1097 3870 1133 3925 sci
1149 3872 1203 3926 icet
1219 3886 1288 3941 ope-

703 3941 811 3997 rabitur
830 3940 1029 4008 Antichristus,
1045 3958 1098 3996 ηοη
1116 3946 1191 4011 {leret
1209 3943 1289 3997 sulcu

703 4016 790 4068 ostiaris
812 4030 874 4068 curo
896 4012 976 4083 justi,
992 4012 1020 4067 id
1046 4018 1088 4068 est
1109 4014 1205 4079 homa,
1221 4011 1289 4084 quia

704 4082 757 4139 nisi
767 4084 820 4140 hoc
832 4093 916 4151 eset,
928 4091 1063 4139 caru-*aut
1075 4084 1167 4139 nullus
1178 4099 1288 4154 pressu·

704 4172 748 4211 ras
767 4155 918 4225 sustinere,
936 4158 965 4210 et
983 4170 1033 4225 per
1049 4154 1213 4223 patientiam
1232 4156 1288 4211 sal·

703 4226 763 4283 rari
783 4233 889 4299 posset,
909 4225 976 4297 quia
995 4224 1148 4282 intirmitas
1164 4228 1290 4283 humana

703 4298 752 4354 diu
769 4298 982 4356 tribulationem
997 4297 1136 4354 sustinere
1153 4316 1209 4355 non
1224 4304 1287 4371 pot-

703 4374 763 4442 est;
781 4372 830 4427 sed
845 4374 960 4443 propter
980 4371 1075 4428 electos
1091 4370 1288 4428 breviabuntur

1198 4473 1224 4519 ll
