2820 4928
375 351 414 406 bl
441 352 635 408 clectotblt
663 352 923 409 cotsottttotu.
952 351 1020 408 stc.

84 473 119 513 aa
142 472 206 512 ntes
229 472 334 515 senten.
358 487 391 499 —
411 459 454 527 Et,
479 457 546 531 quia
564 459 673 517 dixerat

85 529 223 586 Dominus
235 530 397 597 adventum,
414 536 441 587 et
455 548 574 603 regnum
590 549 671 590 suum

85 616 174 673 prope
192 616 266 670 esse,
286 618 322 658 ne
339 601 469 675 discipuli
494 604 669 660 aestimarent

85 672 162 744 quod
177 687 210 728 ex
229 672 318 739 signis
337 674 480 746 prredictis
494 683 591 748 posset
607 675 668 734 dies

85 749 114 801 et
127 744 199 801 bora
209 744 274 801 sciri
290 745 643 820 determinntc,subjungit
659 767 666 806 ε
694 786 697 797 ·

85 819 124 873 be
144 817 190 871 die
213 822 303 873 cutem
321 820 369 873 illo
396 821 439 875 oet
463 821 540 889 liora,
560 820 669 877 scilicet
694 824 697 881 ἲ

84 889 200 970 quande
218 890 253 944 ad
269 888 406 962 judicium
426 891 530 960 veniet,
548 909 624 948 nemo
640 892 669 949 in
693 894 696 955 j

83 959 220 1028 Ecclesia,
237 959 324 1018 idest
342 962 434 1019 nullus
455 963 602 1021 bominum
617 968 669 1021 scit
694 976 696 981 '

83 1032 385 1115 determinatumque
413 1036 514 1104 Acoeti
542 1040 668 1092 cetorum

84 1110 187 1173 sciunt,
202 1105 268 1176 quia
283 1122 336 1161 non
354 1112 395 1163 eo
408 1107 443 1163 de
460 1108 668 1179 pcrtinentibus

84 1176 122 1234 ad
148 1176 361 1247 beatitudinem,
384 1196 469 1250 neque
494 1183 580 1236 Filius
604 1180 666 1252 scit,

83 1250 142 1305 nisi
166 1251 241 1304 solus
268 1252 359 1305 Peter.
387 1252 548 1310 Secundum
573 1253 668 1325 plores

84 1320 216 1378 doctores
234 1321 449 1393 intelligendum
467 1325 600 1397 estquod
615 1327 667 1380 bo·

84 1408 144 1461 mo,
166 1392 209 1449 vel
230 1395 364 1465 Angelus,
381 1412 431 1451 nec
453 1396 518 1465 sibi,
536 1413 586 1453 nec
605 1395 668 1454 aliis

85 1468 139 1547 scit
155 1464 232 1521 diem
244 1466 354 1538 judicii,
370 1468 420 1524 sed
436 1467 521 1524 Filius
541 1468 569 1525 in
585 1470 668 1526 Patre

85 1542 138 1593 sert
152 1536 216 1597 sibi.
228 1539 358 1620 ‹puemvis
373 1540 434 1596 aliis
450 1539 566 1609 nesciat,
581 1540 610 1597 itl
625 1547 668 1597 est

84 1609 195 1666 nullum
206 1626 278 1667 scire
291 1610 384 1667 iaciat.
395 1613 478 1668 Pater
488 1619 582 1669 autem
591 1613 668 1669 solus

85 1680 159 1738 scire
178 1681 291 1751 dicitur,
308 1683 374 1765 quia
389 1685 465 1740 solus
483 1683 548 1740 lacit
568 1684 668 1742 Filium

85 1752 170 1810 scire.
191 1755 263 1811 Nota
283 1755 398 1826 qutdem
422 1764 465 1812 cst
488 1757 549 1812 brec
568 1758 669 1828 regula

85 1825 230 1897 loquendi,
246 1831 275 1883 ut
296 1826 353 1884 ibi:
370 1830 465 1884 Tentat
485 1845 530 1883 uos
549 1832 619 1884 Deus
638 1836 668 1885 ut

84 1902 166 1966 scint,
189 1899 278 1955 idest
299 1899 372 1956 scire
392 1916 442 1956 vos
463 1899 556 1970 iaciat,
577 1907 670 1956 utrum

84 1970 214 2038 ditipntts
229 1988 310 2037 etim,-
331 1979 359 2028 et
378 1971 417 2029 ibi
434 1990 441 2027 :
458 1975 536 2031 Nunc
555 1975 669 2041 coqnovi

85 2043 160 2113 quod
174 2046 252 2099 times
265 2048 358 2114 Deum,
373 2043 402 2100 id
419 2048 462 2100 cst
475 2060 549 2100 ttunc
564 2044 628 2111 teci,
640 2050 669 2100 ut

84 2129 281 2186 cognosceres.
310 2117 344 2172 Ut
370 2117 446 2172 enim
476 2116 578 2172 dicitur
610 2115 670 2171 dies

85 2186 177 2257 laetus,
193 2186 260 2258 quia
281 2188 360 2244 laetos
377 2187 452 2254 iar-it,
471 2191 497 2242 ct
518 2187 605 2261 frigus
626 2187 668 2258 pi-

84 2274 178 2329 grum,
195 2259 261 2331 quia
278 2263 372 2331 pigros
386 2259 495 2328 reddit3
511 2260 550 2317 sic
566 2259 669 2316 dicitur

86 2329 175 2412 Filius
191 2332 311 2400 nescire,
327 2332 368 2388 vel
382 2332 453 2389 scire
468 2331 549 2388 nobis
564 2334 669 2404 quibus

85 2418 191 2461 missus
206 2408 259 2472 est,
274 2420 336 2474 quae
351 2404 422 2461 scire
438 2405 480 2461 vel
497 2404 604 2461 nescire
618 2420 669 2461 nos

85 2475 168 2543 lacit3
192 2475 245 2531 scit
264 2477 359 2547 itaque
378 2476 407 2532 in
427 2492 468 2545 se,
485 2483 512 2532 et
528 2475 593 2544 sibi,
612 2493 669 2532 nun

84 2546 178 2604 nobis.
199 2547 277 2604 Unde
298 2563 348 2619 per
372 2550 425 2604 boc
442 2548 518 2619 quod
538 2548 665 2604 dicitur:

84 2622 149 2676 Nisi
169 2621 243 2675 solus
266 2623 356 2687 Pater,
377 2636 394 2685 a
414 2636 470 2692 quo
490 2621 554 2676 lons
576 2620 669 2676 omnis

85 2690 255 2761 cognitionis
266 2697 318 2759 est,
329 2708 386 2748 non
402 2691 560 2748 excluditur
572 2692 668 2759 lilius,

85 2762 129 2819 vel
154 2763 276 2891 Spiritus
302 2766 421 2822 Sanctus
448 2764 494 2836 qui
519 2763 547 2819 in
569 2765 669 2820 codem

84 2835 163 2892 tonte
195 2832 367 2904 abitantsed
377 2836 466 2909 magis
478 2836 668 2903 includuntur,

85 2907 154 2991 quia
169 2923 226 2964 una
242 2915 285 2964 est
298 2913 384 2965 trium
397 2925 582 2981 personarum
598 2907 669 2963 noti-

85 2985 135 3036 tia.
152 2979 229 3037 Sicut
243 2996 311 3052 ergo
324 2981 493 3052 principium
508 2979 605 3038 mundi
623 2981 672 3036 bu·

84 3052 131 3124 jus
141 3067 159 3107 a
168 3053 229 3108 solo
242 3055 299 3109 Deo
315 3053 366 3109 luit
379 3054 592 3123 praecognitum.
604 3054 671 3122 quie

86 3123 207 3180 mundus
218 3123 381 3181 immediate
389 3127 425 3182 ab
438 3125 498 3196 ipso
509 3125 597 3181 tectus
610 3131 667 3194 est;

87 3196 127 3252 ita
144 3201 173 3251 et
186 3195 252 3252 linis
266 3196 363 3253 mundi
375 3197 428 3253 soli
444 3198 502 3253 lleo
517 3201 559 3252 est
573 3196 669 3265 cogni·

86 3271 178 3335 tus,et
189 3268 434 3335 bomini-Christo,
450 3267 493 3325 cui
511 3285 528 3323 a
545 3269 601 3324 Deo
621 3268 672 3324 luit

86 3340 238 3409 revelatus,
251 3342 317 3412 quie
332 3342 368 3397 ad
383 3356 448 3397 cum
457 3338 579 3413 pertinet
592 3339 669 3411 judi·

88 3412 198 3467 carede
214 3412 357 3469 omuibus.

124 3505 140 3555 9
162 3483 316 3540 Censoris
344 3501 411 3541 runr
431 3501 501 3540 nnuc
523 3500 587 3539 mett
608 3501 671 3539 csse

87 3556 231 3611 centris?
251 3587 286 3597 -
309 3555 394 3613 Nobis
413 3564 508 3612 autem
533 3556 585 3612 boc
613 3556 672 3612 vult

87 3641 150 3682 esse
165 3628 298 3695 celatum,
315 3630 391 3699 qrtin,
407 3629 561 3683 secundum
578 3630 671 3683 Hiero

86 3714 210 3768 numum,
224 3716 281 3755 non
299 3699 410 3770 expedit
429 3698 521 3764 nobis,
543 3698 599 3754 imo
619 3715 670 3755 nec

88 3771 256 3843 expediebat
280 3769 422 3854 speretis
448 3770 520 3824 scire
544 3769 619 3825 diem
643 3775 671 3826 ct

89 3842 189 3899 horum
206 3842 285 3912 illam
299 3841 410 3915 judicii,
426 3857 462 3896 ne
478 3839 617 3922 pigriores
632 3841 671 3897 si·

89 3929 162 3985 mus,
183 3916 233 3973 sed
253 3931 366 3988 semper
388 3913 487 3969 incerti
507 3910 542 3966 de
565 3917 672 3983 tempo·

89 3987 170 4043 ribus
185 3990 297 4056 tuturis,
311 3993 339 4043 et
358 3987 393 4043 de
413 3985 534 4041 adventu
552 3983 671 4053 Judicis,

89 4056 130 4114 sic
145 4058 271 4130 quotidie
290 4058 416 4114 vivamus
434 4071 496 4112 com
516 4054 629 4123 timore,
644 4061 673 4111 et

89 4145 203 4203 semper
225 4130 375 4203 vigilemus
398 4127 521 4195 solliciti,
545 4125 622 4208 quasi
643 4125 671 4184 in

88 4197 670 4274 proximo,etalteradicjudicandtsimus,

89 4290 123 4331 ac
146 4276 278 4348 pendulae
302 4273 519 4346 exspectationis
543 4273 670 4340 incerto,

90 4346 670 4423 sempereumcredamusluturum,quem

1263 347 1310 403 281

723 454 1308 532 ignoramusquandorenturussitSignn

722 532 837 605 quidem
861 529 1144 604 appropinquationis
1168 529 1307 585 adventus

722 607 783 675 eius
798 603 870 661 scire
885 618 1035 676 possumus
1049 609 1078 660 et
1092 603 1241 666 debemus,
1254 599 1305 656 sed

721 677 797 753 diem
815 679 962 749 praecisum
980 674 1132 733 nescimus.
1150 672 1200 730 Ubi
1221 673 1305 741 curp-

720 755 854 806 sostomur
867 767 875 805 ε
887 769 900 802 o
912 751 982 805 Ecce
991 746 1143 805 senectutis
1152 745 1233 818 signa
1242 759 1305 815 cog-

721 820 874 890 noscimus,
886 820 962 877 diem
975 824 1068 876 autem
1080 818 1210 875 ultimum
1224 832 1304 873 mun·

721 893 749 949 di
770 893 953 964 ignoramus;
984 891 1023 948 sic
1038 897 1065 948 et
1080 889 1200 946 labentis
1213 888 1302 946 seculi

721 965 802 1033 signa
821 965 936 1031 scimus,
951 965 1036 1020 finem
1057 963 1118 1034 ejus
1138 979 1195 1018 non
1216 976 1304 1031 agno·

721 1036 835 1093 scimus.
852 1037 929 1094 Sicut
949 1035 1024 1092 enim
1044 1034 1156 1106 quando
1175 1032 1306 1089 ridemus

721 1109 866 1166 hominem
884 1124 993 1176 senem,
1008 1107 1112 1163 scimus
1131 1103 1198 1177 quia
1219 1120 1308 1176 prope

720 1181 876 1238 moriturus
893 1187 946 1242 est.
963 1179 1077 1251 quando
1094 1183 1200 1245 autent,
1217 1175 1306 1232 nesci-

721 1249 1305 1322 mus;s1cetcummundumperturbntunt

721 1325 859 1387 ridemus.
871 1340 1004 1381 casurum
1018 1321 1222 1393 cognoscimus,
1232 1318 1307 1376 diem

721 1406 817 1454 autem
834 1396 1007 1469 ignoramus.
1025 1417 1039 1446 »
1058 1395 1109 1452 Ubi
1129 1399 1157 1450 et
1176 1393 1308 1461 dococti·

720 1486 772 1525 nus
789 1489 796 1524 :
815 1491 829 1521 n
844 1468 919 1526 Finis
944 1468 1059 1540 quidem
1082 1465 1242 1523 seculorum
1265 1467 1308 1520 cst

722 1548 791 1599 aetas
802 1547 880 1598 sexta
891 1539 1001 1609 mundi,
1014 1538 1143 1595 videlicet
1155 1538 1191 1594 ab
1205 1536 1308 1593 adven-

721 1613 876 1671 tollemini
893 1612 1025 1685 usquein
1041 1612 1127 1668 tinem
1143 1607 1241 1666 seculi.
1257 1609 1306 1664 Sc·

722 1691 820 1742 nectus
845 1702 911 1742 vero
939 1689 1048 1741 tantum
1076 1680 1212 1755 temporis
1236 1679 1308 1736 solet

721 1757 1305 1829 tenerc,quantumomncsaetatesceterae.

722 1832 792 1887 Num
808 1845 871 1885 cum
890 1845 966 1886 anuo
983 1828 1158 1899 sexagesimo
1178 1830 1309 1881 senectus

723 1901 835 1957 dicatur
847 1901 983 1972 incipere,
994 1906 1022 1956 et
1036 1898 1160 1955 hominis
1173 1897 1230 1952 vita
1241 1912 1307 1967 pos·

723 1972 760 2029 sit
785 1988 873 2043 usque
896 1972 932 2028 ud
953 1987 1044 2027 annos
1069 1979 1182 2026 centum
1207 1966 1308 2039 viginti

723 2046 884 2117 pervenire,
900 2042 1081 2098 manifestum
1094 2046 1138 2097 est
1154 2039 1243 2096 solam
1262 2055 1307 2095 se·

723 2120 866 2172 nectutem
887 2124 944 2171 tam
969 2114 1083 2186 longam
1103 2127 1190 2184 quam
1209 2126 1309 2175 omnes

723 2193 822 2245 aetatcs
849 2187 958 2260 priores
986 2202 1046 2242 esse
1075 2200 1178 2257 posse;
1204 2182 1309 2239 trustra

722 2260 809 2334 igitur
818 2276 908 2316 annos
919 2257 965 2330 qui
977 2263 1127 2314 remanent
1138 2254 1203 2312 buic
1213 2253 1308 2310 seculo

722 2325 1308 2399 conaremurdilbnire,omniumenimde

723 2398 1308 2475 becrecab-uiantiumdigitosctperitiam

724 2477 891 2533 numerandi
908 2478 1032 2545 resolvit,
1049 2484 1077 2531 et
1096 2473 1242 2546 quiescere
1257 2472 1309 2543 jn-

723 2549 781 2613 bit,
801 2549 848 2620 qui
870 2548 909 2603 ait
925 2566 932 2602 ε
947 2551 1007 2606 Non
1032 2552 1072 2601 est
1093 2553 1213 2600 oestrum
1232 2559 1310 2599 nosse

724 2617 1308 2691 temporauelmomento,quaPuterporuit

724 2694 754 2748 in
768 2708 819 2747 stro
837 2696 993 2763 potestate:
1013 2709 1026 2741 n
1047 2693 1106 2744 lttec
1123 2689 1307 2755 Aupustinus.

724 2765 785 2820 Non
799 2768 842 2820 est
853 2763 956 2835 quippe
968 2766 1094 2818 nostrum
1107 2775 1189 2816 nosse
1202 2765 1308 2829 tempo·

723 2854 756 2892 ra
771 2836 843 2891 ultra
860 2851 943 2907 qcam
960 2833 1112 2902 revelatur,
1129 2832 1172 2888 rel
1189 2829 1310 2886 traditur

723 2925 775 2981 per
790 2906 961 2978 Scripturas,
973 2905 1039 2978 quia
1053 2908 1106 2961 boc
1120 2910 1164 2959 cst
1176 2917 1309 2975 praesum·

724 2979 838 3053 ptiouis.
872 2979 926 3035 Sed
959 2978 1116 3035 secuudum
1150 2976 1310 3046 Scripturas

723 3068 808 3108 nosse
827 3057 870 3107 est
894 3049 1073 3111 eruditionis,
1090 3045 1218 3120 utramvis
1241 3061 1309 3118 ergo

725 3124 880 3181 revelatum
895 3125 967 3179 l'orte
980 3121 1032 3178 luit
1042 3119 1125 3178 alicui
1138 3125 1249 3191 tempus
1261 3118 1310 3175 ad-

725 3202 824 3253 ventus
840 3193 1015 3258 Antichristi,
1032 3197 1202 3250 nontamen
1218 3190 1311 3273 sequi·

725 3273 771 3325 tur
795 3274 824 3325 ut
841 3271 912 3325 sciat
930 3268 966 3323 de
986 3265 1031 3322 die
1053 3263 1163 3337 iudicii.
1182 3264 1311 3319 Nescttur

725 3341 801 3396 enim
816 3344 921 3411 quanto
933 3337 1084 3396 interstitio
1093 3342 1157 3410 pust
1168 3333 1309 3392 Antichri-

725 3416 799 3468 slum
813 3414 938 3468 futurum
950 3413 986 3468 sit
997 3409 1147 3481 judicium.
1161 3410 1233 3476 Quia
1245 3406 1311 3463 licet

724 3484 860 3556 scriptum
883 3483 919 3539 sit
943 3483 1017 3555 quod
1041 3481 1231 3555 quadraginta
1250 3479 1311 3536 dics

725 3554 1311 3626 dabunturSanctisadpoenitendnmpost

724 3628 938 3690 Antichristnm,
955 3627 1081 3683 nescitur
1100 3636 1197 3683 tamen
1218 3631 1312 3680 ulrum

724 3700 820 3756 statim
830 3705 895 3771 post
907 3699 969 3754 illos
984 3698 1045 3755 dies
1059 3696 1250 3825 Quadraginta
1264 3695 1309 3751 lu·

725 3776 819 3826 turum
838 3769 875 3825 sit
895 3769 1043 3841 Jurlicium.
1083 3767 1191 3823 reditur
1212 3771 1309 3822 tamen

725 3843 800 3914 quod
816 3846 897 3897 nocte
916 3839 1133 3898 resurrectionis
1156 3836 1310 3893 Dominicte

725 3913 779 3968 erit
797 3913 938 3984 generalis
960 3909 1142 3976 resurrectio,
1159 3906 1265 3964 scilicet
1280 3905 1311 3965 in

725 3990 805 4040 nocte
822 3986 946 4041 Pascha.
964 3985 1041 4050 tdeo,
1056 3979 1213 4036 secundum
1224 3979 1310 4035 isido-

723 4055 830 4124 rum,in
863 4056 985 4113 rimitiva
998 4050 1121 4109 Ecclesia
1134 4050 1234 4107 fideles
1248 4055 1310 4107 tota

725 4134 806 4185 nocte
828 4073 878 4184 iffa
898 4127 1063 4198 vigilabant,
1080 4122 1158 4196 quasi
1178 4122 1308 4180 ludicem

724 4204 925 4273 exspectantes.
945 4199 1004 4265 Quo
1028 4202 1123 4252 autem
1144 4211 1219 4252 auno
1244 4193 1306 4251 dies

723 4271 777 4328 iste
792 4276 927 4327 venturus
940 4269 986 4335 sit,
1000 4266 1112 4351 penitus
1127 4266 1302 4340 ignoramus.

725 4344 802 4401 lstud
813 4358 880 4400 tero
891 4341 966 4415 quod
978 4341 1025 4398 btc
1038 4338 1076 4399 ad
1088 4340 1212 4398 litteram
1224 4352 1309 4421 expo-
