2820 4928
159 374 205 428 292
494 369 652 424 SEUUNUAE
679 367 795 425 atritis
822 372 926 425 catur
954 370 1057 425 xtvtr

159 482 311 540 adventum
328 477 389 551 ejus
408 476 444 534 ad
459 476 598 549 judicium
614 477 740 549 particu-

158 555 218 611 lare
232 551 260 608 in
276 560 377 619 morte,
394 549 438 606 vel
453 551 587 621 generale
601 550 628 607 in
644 567 739 608 resur-

155 623 292 693 rectione,
313 639 375 679 cum
396 624 496 678 timore
517 628 544 678 et
565 639 663 680 amore
691 640 738 679 ex·

154 702 329 770 spectemus;
351 693 423 750 sicut
443 693 550 765 antiqui
576 696 675 752 Patres
693 712 739 752 ex·

151 770 317 842 spectabant
330 782 394 823 eum
405 771 555 823 venturum
571 768 599 822 in
613 783 737 824 carnem.

151 844 188 898 m
202 856 249 896 uos
266 855 335 912 ergo
350 841 455 894 similes
471 840 626 895 bominibus
641 856 738 911 esspe-

153 913 291 969 ctontibus
318 912 458 966 dominum
481 927 572 978 suum,
598 912 738 968 Christum

150 984 276 1058 judicem
292 982 409 1054 scilicet,
425 985 535 1111 pronde
554 989 739 1039 reportatura

154 1058 278 1128 nuptiis,
308 1071 393 1127 quem
446 1071 498 1112 ene
531 1061 737 1128 exspectamus,

155 1128 223 1184 dum
247 1128 284 1184 ad
307 1129 368 1199 ejus
388 1128 540 1184 adrentum
560 1127 590 1183 in
607 1127 738 1185 omnibus

155 1200 344 1271 nosmetipsos
358 1215 562 1271 praeparamus.

191 1292 204 1329 n
223 1274 388 1327 lierniuuuo
401 1289 461 1334 oua
476 1289 563 1327 unum
580 1287 737 1325 vrnrmures

154 1360 187 1400 ur
202 1345 309 1400 Douruo
322 1361 495 1399 susurrares.
515 1373 547 1384 —
568 1345 602 1398 Ut
619 1359 678 1397 cum
693 1358 737 1397 ee-

153 1419 226 1472 neret
242 1422 268 1471 et
279 1417 442 1486 pulsauerit,
458 1417 600 1483 confestim
611 1416 739 1485 operiunt

153 1490 188 1551 ei,
203 1486 231 1542 id
246 1493 289 1543 est
303 1486 465 1557 aperiamus
478 1485 591 1541 Christo
604 1491 632 1540 ct
646 1488 738 1555 ipsum

153 1561 294 1630 suscipere
304 1557 394 1628 parati
404 1557 503 1613 simus.
515 1556 564 1612 Ubi
573 1557 737 1625 Ureportus:

154 1651 166 1681 ι
183 1629 225 1685 nd
240 1629 353 1699 nuptias
372 1628 486 1699 quidem
505 1626 642 1683 Dominus
656 1627 737 1698 abiit,

153 1716 217 1757 cum
236 1715 387 1770 resurgens
411 1715 428 1755 a
450 1698 578 1763 mortuis,
596 1704 623 1755 et
640 1715 737 1755 ascen·

154 1773 224 1828 dcns
238 1772 268 1827 iu
288 1778 389 1827 ciuium
405 1786 557 1842 supernam
573 1769 627 1827 sibi
644 1774 737 1841 Auge·

154 1846 245 1900 lorum
259 1842 471 1900 multitudinem
487 1859 576 1899 novus
591 1844 676 1898 homo
694 1859 738 1898 co

175 1915 272 1973 ulavit.
289 1914 340 1983 Qui
357 1921 424 1971 tunc
435 1919 595 1982 revertitur,
610 1931 674 1971 cum
692 1931 738 1970 no·

154 1932 198 2046 its
213 1987 414 2060 perjudicium
430 1987 637 2044 manifestatur.
656 1986 740 2042 Venit

154 2061 270 2133 quippe,
292 2076 355 2116 cum
379 2059 570 2130 adjudicium
589 2064 736 2129 properat3

154 2133 247 2204 pulsat.
262 2147 328 2186 reru
344 2146 407 2186 cum
420 2132 544 2202 iamper
561 2129 739 2200 aegritudinis

155 2202 301 2259 molestias
313 2208 433 2256 mortem
449 2217 510 2255 esse
525 2200 646 2255 vicinum
662 2200 738 2256 desi-

155 2282 232 2344 gnat.
245 2272 294 2329 Cui
306 2271 453 2328 confestim
462 2270 617 2343 aperimus,
629 2271 651 2326 si
662 2274 739 2329 huuc

155 2360 219 2400 cum
234 2343 336 2399 timore
351 2342 530 2413 suscipimus.
544 2343 660 2411 hpcerire
676 2352 737 2400 ete-

154 2415 215 2473 nim
227 2414 317 2471 Judiui
331 2414 455 2487 pulsanti
470 2431 526 2470 non
542 2415 610 2484 vult,
623 2415 669 2487 qui
684 2416 739 2471 esi·

154 2504 186 2545 re
215 2487 250 2544 de
278 2502 397 2559 corpore
423 2486 557 2559 trepidat,
585 2493 614 2543 et
642 2487 738 2545 videre

153 2576 229 2629 eum,
246 2575 330 2632 quem
349 2558 551 2629 contempsisse
578 2574 609 2616 se
632 2560 738 2616 memi-

152 2633 205 2705 nit,
222 2631 352 2690 tudicem
368 2630 511 2687 formidat.
528 2629 688 2699 Quianam
703 2634 737 2689 de

152 2721 206 2762 sua
230 2709 328 2777 spect
357 2706 523 2775 operatione
548 2718 663 2759 securus
683 2709 736 2773 est,

151 2775 277 2849 pulsanti
293 2773 442 2831 confestim
456 2775 557 2847 aperit,
574 2774 640 2846 quia
654 2774 737 2832 laetus

151 2849 166 2905 J
171 2849 281 2905 udicem
294 2847 432 2915 sustinet;
445 2852 544 2903 etcum
555 2850 668 2919 tempus
676 2863 738 2917 pro·

153 2920 269 2992 pinquae
287 2922 386 2975 mortis
410 2919 568 2991 agnoverit,
591 2921 626 2975 de
646 2918 737 2990 gloria

152 2992 371 3048 resurrectionis
383 2988 528 3047 hilarescit
543 3007 550 3046 ε
568 3010 582 3043 u
598 2991 659 3046 haec
674 2991 738 3047 Gre-

150 3067 256 3132 porius.
290 3063 365 3119 Talis
396 3061 500 3134 quippe
526 3067 620 3135 potest
643 3062 737 3119 dicere

151 3150 216 3192 cum
231 3134 365 3205 Apostolo
383 3151 389 3189 :
406 3138 490 3206 Cupio
504 3134 628 3199 dissolui,
640 3140 666 3190 et
682 3151 737 3191 esse

153 3223 214 3262 cum
232 3209 349 3263 Christo,
371 3205 423 3272 Qui
446 3206 584 3277 ejusmodi
601 3212 653 3274 est,
674 3222 737 3262 om·

154 3277 238 3333 nibus
256 3281 339 3347 hujus
355 3277 451 3334 muudi
468 3278 594 3334 feticibus
611 3285 654 3335 est
669 3278 737 3335 leli-

155 3352 225 3415 cior,
240 3353 268 3402 et
282 3348 427 3418 regalibus
439 3349 571 3420 regaliur.
586 3351 665 3406 Unde
677 3355 736 3406 An-

153 3420 254 3473 setmus
279 3437 317 3472 :u
335 3421 392 3473 tluc
411 3436 495 3474 uuum
512 3424 584 3485 «lico,
606 3423 737 3478 omnibus

153 3490 239 3561 hujus
251 3489 348 3544 muudi
359 3495 494 3559 praestare
509 3490 626 3557 delictis,
644 3494 736 3549 hono-

153 3561 243 3629 ribus,
259 3567 344 3642 atque
362 3559 477 3628 divitiis,
494 3560 516 3614 si
536 3562 572 3616 ob
592 3567 736 3620 conscien-

151 3634 199 3691 tiae
212 3640 404 3700 serenitatem,
414 3632 479 3688 frdei
489 3632 663 3703 firmitatem,
675 3635 734 3707 spei

110 3723 113 3728 ·
151 3705 349 3764 certitudinem
364 3711 482 3760 mortem
498 3722 555 3761 uon
571 3706 731 3764 timeamus.

150 3780 229 3848 Quod
250 3778 297 3834 ille
326 3777 430 3849 poterit
454 3777 576 3834 maxime
600 3781 731 3850 experiri,

148 3851 196 3924 qui
212 3853 307 3923 aliquo
323 3857 452 3920 tempure
465 3854 515 3904 sub
531 3852 584 3906 hac
597 3858 731 3908 servitute

147 3925 303 3997 suspirans,
324 3923 361 3978 ad
387 3919 526 3976 liberioris
549 3922 731 3980 conscientiae

147 4013 232 4053 auras
247 3995 346 4052 evasit.
372 3995 420 4050 ilae
441 3998 508 4048 suut
526 3993 627 4050 futurae
643 3996 730 4051 beati-

145 4068 252 4125 tudiuis
270 4075 373 4124 uostrae
389 4064 520 4148 primitiae
536 4066 685 4136 salutares,
700 4073 730 4124 ut

144 4145 473 4212 murtesuperveureute,
489 4140 647 4194 naturalem
661 4141 727 4195 hor·

143 4225 239 4267 rorem
262 4213 334 4268 frdes
354 4221 478 4284 superet,
496 4226 559 4282 spes
577 4215 725 4283 temperet,

144 4283 316 4340 conscientia
330 4300 402 4413 pura
416 4282 549 4369 repellat:
562 4304 577 4335 »
594 4283 655 4340 ltaee
667 4285 726 4340 Aa·

143 4355 253 4411 selmus.
269 4353 324 4412 Sed
355 4371 390 4413 oc
403 4355 472 4414 solrs
483 4354 616 4430 perfectis
626 4371 728 4413 conve·

795 477 854 545 nit;
882 476 1025 550 numquid
1057 494 1133 549 ergo
1159 477 1326 552 imperfecti,
1340 486 1372 554 uui

794 551 879 633 uitam
892 551 999 633 habent
1009 549 1044 605 in
1057 550 1224 622 desiderio,
1240 560 1268 609 et
1279 564 1371 611 murteu

794 621 1372 756 lttlttlfcttlllt’llltthid

793 765 970 839 imperfecta,
986 768 1038 838 qui
1059 766 1180 823 scilicet
1202 769 1336 827 aedilicanl
1348 772 1373 826 li·

794 855 892 910 gnum,
907 839 1028 909 foenum,
1046 838 1213 910 stipulam3
1230 848 1259 898 et
1274 842 1308 899 de
1326 859 1373 899 cor

793 927 861 1039 Rure
876 913 953 967 exire
971 910 1091 974 timent.
1109 919 1240 984 propter
1257 915 1373 971 cremabi-

814 1000 841 1051 a,
849 998 913 1055 quae
921 998 1018 1039 secum
1030 984 1144 1040 ferunt.
1154 985 1226 1057 Sed,
1235 986 1300 1058 quia
1309 989 1374 1045 [leun

793 1054 855 1111 istis
871 1054 1092 1127 temporalibus,
1112 1055 1226 1127 quibus
1241 1058 1375 1127 adbaerent,

793 1131 973 1199 praeponunt,
985 1127 1022 1182 de
1035 1126 1097 1184 vita
1108 1135 1228 1186 aetcrna
1239 1130 1307 1187 certi
1319 1137 1374 1188 sunt

792 1200 843 1255 Ast
858 1199 893 1254 de
917 1198 970 1265 his,
986 1198 1056 1255 licet
1076 1204 1142 1257 sint
1168 1201 1309 1273 salvandi,
1334 1220 1374 1259 noo

793 1270 919 1341 loquitur
932 1270 987 1331 hic.
1005 1270 1059 1327 sed
1074 1272 1115 1328 de
1137 1275 1277 1342 perfectis
1292 1276 1333 1346 qui
1345 1276 1374 1330 η’-

793 1347 851 1398 tam
867 1343 973 1399 babent
990 1341 1022 1398 in
1052 1344 1215 1424 patientia,
1232 1353 1261 1403 et
1278 1353 1374 1403 momen

793 1413 822 1469 in
838 1412 989 1470 desiderio.
1007 1416 1139 1483 Deinde,
1156 1419 1306 1490 subjungit
1319 1435 1373 1491 pre·

794 1483 843 1541 mii
870 1491 898 1542 et
925 1485 1136 1543 retributionis
1156 1491 1372 1559 magnitudinem,

796 1559 862 1628 quia
883 1555 1070 1628 vigilantibus
1097 1561 1248 1629 promittit
1273 1563 1374 1618 beatitu-

793 1628 889 1685 dinem
904 1631 1003 1684 :Beati
1018 1629 1100 1686 enim
1111 1637 1191 1687 serui
1209 1635 1266 1697 illi,
1281 1633 1309 1689 in
1320 1650 1373 1706 pre·

793 1701 866 1756 senti
887 1700 1064 1758 beatitudine
1089 1706 1166 1775 spei,
1188 1712 1220 1761 et
1250 1707 1278 1761 in
1301 1708 1372 1762 futuro

793 1772 966 1828 beatitudine
994 1773 1117 1855 speciei,
1141 1793 1296 1846 quoscum
1319 1793 1374 1833 cute

792 1846 985 1912 ritltumiuus,
1005 1861 1033 1899 ru
1052 1861 1161 1903 eorum
1184 1856 1290 1919 morte,
1308 1850 1374 1906 rolin

792 1921 918 1972 extremo
942 1915 1085 1985 examine,
1107 1922 1255 1977 irecenerrt
1278 1923 1372 1989 ciuitas

793 1994 842 2051 tes,
858 1987 888 2042 in
904 1993 979 2043 statu
991 1988 1109 2059 gratiae,
1121 1997 1149 2047 et
1165 2009 1229 2049 nou
1250 1993 1370 2051 dormien-

794 2061 844 2121 tes,
860 2058 888 2113 in
905 2064 980 2115 statu
997 2059 1109 2127 culpaet
1133 2064 1191 2120 Ubi
1221 2065 1370 2134 Graeceius:

794 2149 808 2182 «
825 2127 939 2201 Vigilat,
954 2130 1001 2201 qui
1016 2132 1052 2187 ad
1070 2141 1230 2205 aspectum
1243 2137 1301 2194 reri
1311 2135 1370 2193 luni

793 2200 837 2256 nis
852 2208 967 2271 apertos
982 2208 1090 2260 mentis
1118 2206 1224 2263 oculos
1241 2214 1322 2266 tenet
1338 2207 1370 2262 t'i·

793 2272 872 2344 gilat,
893 2274 940 2345 qui
957 2290 974 2329 a
992 2291 1022 2331 sc
1038 2277 1177 2350 corporis
1197 2286 1227 2336 et
1245 2280 1369 2354 negligeu·

793 2346 839 2401 tiae
853 2349 984 2402 tenebras
999 2347 1115 2418 repellit
1132 2366 1140 2404 ε
1171 2372 1186 2403 u
1210 2353 1273 2409 haec
1289 2354 1369 2421 droco

792 2421 861 2472 rius.
879 2418 933 2474 Sed
949 2422 1067 2475 veniens
1085 2421 1244 2487 Dominus,
1261 2423 1322 2495 uuirt
1335 2422 1368 2478 ri·
1406 2482 1408 2487 ,

792 2488 947 2559 gilantibus
959 2490 1048 2546 serris
1061 2492 1216 2565 exhibeat,
1230 2497 1367 2554 audiamus
1406 2500 1408 2523 ¹

792 2563 961 2630 Nam,amen
974 2563 1034 2618 dieo
1044 2565 1137 2627 nobb.
1151 2569 1232 2637 quod
1239 2570 1368 2641 praeiacet

792 2649 830 2699 se,
845 2632 876 2688 id
889 2638 931 2690 est
945 2634 981 2690 ad
998 2635 1228 2697 retributionem
1243 2655 1366 2713 praepart·

792 2703 848 2773 bit3
864 2710 890 2760 et
905 2707 991 2772 faciet
1010 2707 1076 2763 illos
1090 2708 1252 2780 vigilantes
1269 2714 1367 2770 daem·

793 2776 863 2845 bere,
877 2775 962 2834 idest
975 2777 1005 2833 in
1020 2783 1132 2836 aeterna
1150 2782 1250 2853 quiete
1264 2779 1367 2841 reforeri
1406 2840 1408 2861 Ι

792 2852 820 2903 ct
835 2847 990 2920 quiescere,
1004 2850 1133 2908 utedant
1151 2868 1366 2928 supermensus

792 2920 918 2976 suumin
936 2937 1024 3003 regno
1050 2938 1121 2992 suo,
1141 2930 1171 2981 et
1190 2931 1332 2995 transiens,
1346 2924 1366 2981 id

791 2997 846 3061 est,
865 2992 901 3048 de
921 2992 1028 3119 {udicio
1046 2994 1084 3050 ad
1109 3010 1236 3068 regnum
1261 3000 1364 3063 rediens,

791 3067 921 3119 ministro
942 3068 964 3120 it
982 3066 1052 3134 iltis,
1068 3064 1140 3137 quia
1152 3085 1214 3127 sum
1231 3070 1363 3129 lucisillu·

792 3135 931 3192 stratione
943 3141 972 3192 et
986 3136 1147 3194 divinitatis
1165 3142 1362 3213 contemplatio

793 3223 827 3262 ne
846 3208 941 3290 fideles
957 3208 1090 3278 satiabit;
1109 3225 1201 3293 quern
1217 3222 1246 3271 et
1262 3212 1362 3272 enimin

792 3278 971 3337 humanitate
1000 3280 1028 3335 iu
1063 3282 1179 3353 judrciu
1207 3302 1363 3351 cernemus,

792 3350 876 3406 etiam
892 3355 917 3407 in
939 3352 1085 3409 divinitate
1099 3365 1168 3438 post
1178 3358 1316 3440 judicium
1329 3359 1363 3411 vi·

792 3422 931 3479 debimus.
951 3423 1124 3482 illinistrabrt
1142 3428 1201 3486 ill1s
1221 3434 1265 3488 lac
1280 3434 1362 3488 hurm-

792 3494 888 3550 nitatis
906 3500 935 3551 et
960 3495 1057 3552 vinum
1072 3498 1203 3571 deitatis,
1231 3511 1259 3560 et
1279 3517 1363 3560 manua

791 3566 995 3635 dulcissimum,
1019 3571 1096 3639 quod
1121 3570 1153 3628 iu
1181 3591 1234 3631 cor
1260 3576 1362 3632 hominis

790 3654 848 3693 non
864 3639 1001 3696 ascendit.
1017 3640 1112 3699 Faciet
1129 3646 1230 3718 itaque
1245 3646 1360 3704 illosdis·

789 3712 934 3777 cumbere,
954 3715 1033 3784 quisi
1052 3714 1147 3772 fessos
1159 3720 1360 3785 relocillancct

789 3781 961 3839 ministrabit
985 3783 1041 3840 illis
1067 3786 1239 3859 spirituales
1265 3788 1358 3848 delicias

787 3868 944 3925 apponens.
961 3856 1038 3913 Unde
1052 3860 1207 3929 Dionysius
1225 3863 1356 3936 Areopout'·
1406 3922 1408 3931 ,

786 3931 832 3981 tu:
846 3948 860 3977 (ι
874 3925 1050 3983 Discuhitum
1063 3930 1142 3987 euim
1155 3930 1356 4007 opinamurqui·

785 4002 859 4052 etcm
874 4016 890 4080 a
905 3998 1000 4054 multis
1016 4000 1176 4072 laboribus,
1191 4007 1352 4080 etcopiose

784 4067 1351 4147 donationcmomuiumbonorumhos&

783 4141 859 4197 euim
869 4142 944 4213 qrrod
954 4144 1038 4199 iesus
1054 4144 1122 4201 lacit
1135 4151 1348 4212 eosrecumbes

783 4212 855 4294 dans
870 4214 911 4269 cis
928 4222 1094 4287 perpetuam
1114 4219 1258 4293 quietem,
1273 4230 1299 4280 et
1312 4220 1347 4276 dis

782 4284 1347 4353 tribueuseisbonorummultitudinem*

781 4355 843 4413 haec
857 4359 1017 4428 eleemos.
