2820 4928
172 368 175 372 ·
243 339 286 395 bit
313 340 420 394 llllblll
447 340 487 395 ut
512 339 635 405 utute,
665 341 704 394 tc
730 340 879 396 SECUNDO
906 342 1003 396 inuis
1030 341 1188 397 ltnltbtto.
1279 338 1310 394 2³

91 450 262 510 referuntur
291 469 298 505 r
328 445 452 520 primum
480 445 557 503 enim
578 462 682 519 praece·
738 445 1005 576 preceptaquibus
1014 451 1064 505 aut
1078 445 1186 505 utiliter
1197 462 1261 519 quae
1276 461 1325 519 ap·

91 531 187 598 ptum,
206 518 316 577 scilieet
337 517 497 576 dilectionis
516 518 577 587 Dei,
593 520 683 577 ambit
738 531 820 594 peteo
844 536 861 576 a
885 524 950 576 suut
972 518 1112 591 cupimus,
1133 523 1182 576 aut
1206 534 1269 591 quae
1287 517 1327 575 ri·

93 600 123 653 et
146 592 244 666 implet
259 591 355 649 omnia
374 590 509 648 mandata
524 591 624 664 primae
641 599 681 647 ta·
710 608 713 623 ¹
738 590 1325 663 tandasuntutiliterpraecaremus3urium

93 666 180 734 bulte,
210 662 278 736 quia
306 679 333 718 m
360 679 393 719 ea
420 664 600 720 continentur
627 663 683 720 tria
738 672 833 721 tamen
852 663 966 720 suntin
984 664 1079 720 rartice
1099 662 1237 730 caritatis,
1256 660 1325 733 quia

93 737 232 797 mandata
247 736 283 793 de
298 734 450 792 diter-tione
465 734 599 806 Dei,quae
615 738 682 791 scri·
738 735 833 794 omnia
847 735 873 791 in
886 734 1036 791 dilectione
1048 738 1095 792 Dei
1108 742 1137 791 et
1149 734 1266 806 proximi
1281 736 1323 791 la-

93 815 144 883 pta
157 814 240 865 erant
253 807 282 864 in
298 822 356 863 una
368 807 516 874 tabula3et
527 808 681 863 secundom
710 852 713 859 .
738 824 802 864 cere
812 808 1051 864 debemusllecte
1061 806 1157 877 itaque
1167 806 1236 864 dicit
1247 804 1325 864 ceri-

92 887 280 954 preceptum,
298 878 406 935 sciliret
416 877 578 935 dilectionis
593 878 683 949 proxi·
710 870 713 919 Ι
739 885 800 937 stus
819 881 920 950 Legem
940 887 969 936 et
990 880 1145 960 Prophetas
1164 877 1263 935 reterri
1286 876 1324 935 ad

94 952 146 1021 mi,
162 950 251 1009 ambit
268 956 296 1007 et
315 950 415 1023 implet
437 950 532 1006 omnia
547 951 683 1007 mandata
739 953 794 1009 duo
805 951 1084 1018 mandatararitutrs,
1096 966 1201 1023 quraex
1212 952 1265 1006 liae
1277 950 1324 1007 de·

95 1023 227 1082 secunde
242 1020 474 1092 catalauniam
490 1021 684 1079 earootiuen·
738 1023 874 1097 pendent,
894 1027 922 1079 et
940 1021 979 1078 ibi
996 1026 1081 1079 linem
1102 1023 1207 1079 liabent
1233 1022 1254 1080 Ο
1279 1037 1324 1079 ca-

94 1100 142 1154 tur
157 1100 266 1167 septem
278 1093 335 1150 aia
351 1094 485 1149 maudata
503 1096 538 1150 rie
553 1093 682 1151 dilectio·
739 1095 819 1162 ritas,
836 1095 934 1163 regula
958 1093 1067 1150 ordinis
1088 1094 1252 1150 electorum.
1279 1093 1323 1150 lex

95 1183 132 1226 ne
151 1165 282 1240 proximi,
301 1181 365 1236 quae
385 1165 414 1222 in
435 1165 560 1221 secunda
586 1166 684 1223 tabula
740 1165 908 1224 unirer-alis
936 1165 1085 1222 universes
1108 1165 1211 1235 ligans,
1234 1164 1324 1222 virtus

95 1245 179 1296 erant
193 1236 309 1309 scripta.
325 1239 394 1294 liam
412 1236 459 1308 qui
470 1239 557 1294 Deum
572 1236 682 1309 drlrgrt:
739 1238 886 1303 virtutum,
896 1254 986 1294 canon
1001 1253 1152 1305 canonum,
1164 1237 1205 1292 lex
1217 1236 1324 1307 legum,

93 1310 174 1368 idola
197 1308 316 1383 speruit,
333 1311 381 1365 Ilei
408 1325 511 1365 uomrn
530 1308 558 1364 in
578 1324 683 1366 varrum
739 1328 796 1368 non
810 1309 973 1367 constitutio
990 1309 1094 1381 populi,
1114 1308 1164 1365 sed
1186 1307 1325 1379 Principis

94 1398 153 1441 non
167 1379 299 1449 assumit,
315 1387 344 1436 et
356 1380 431 1436 diem
455 1379 563 1437 sabbati
579 1383 683 1437 saneti·
712 1426 715 1461 Ι
740 1381 1006 1454 piar-itum,sanctio
1023 1381 1108 1438 lteeis
1119 1396 1228 1451 regum,
1239 1395 1324 1450 queem

93 1454 173 1511 licat.
187 1455 220 1510 Et
235 1452 283 1523 qui
300 1452 460 1523 proximum
475 1467 558 1508 suum
573 1452 682 1526 diligit:
740 1472 796 1511 non
813 1454 903 1511 solum
920 1453 1009 1510 edidit
1025 1453 1067 1509 rel
1084 1452 1210 1508 condidit
1223 1452 1325 1534 juben·

93 1527 217 1584 lronorat
233 1530 345 1597 patrem
356 1530 382 1580 et
399 1536 599 1592 matrem,nr·n
614 1523 686 1581 occi·
740 1527 787 1593 do,
804 1526 852 1583 sed
872 1532 898 1581 et
914 1525 999 1581 edixit
1014 1530 1043 1581 et
1056 1525 1246 1596 promulgavit
1259 1539 1324 1597 per·

92 1596 147 1667 dit,
164 1612 220 1653 non
240 1602 359 1658 iuratur,
376 1612 432 1651 non
447 1595 612 1665 moerbatur,
627 1612 684 1653 non
740 1598 877 1654 sonaliter
890 1597 1028 1659 docendo.
1044 1610 1073 1653 et
1087 1596 1253 1668 adimpleret
1267 1610 1325 1651 sex·

95 1668 200 1726 talsum
224 1667 419 1724 testimonium
445 1667 524 1736 dicit,
543 1683 595 1724 nee
614 1685 683 1725 uxo·
740 1669 850 1726 randol
865 1671 934 1726 Ecce
955 1669 998 1725 lex
1020 1668 1132 1726 Domini
1155 1676 1324 1724 convertens

95 1755 160 1798 rem
177 1738 298 1812 proximi
314 1739 357 1796 rel
372 1739 456 1796 aliam
471 1755 530 1795 rem
547 1740 608 1811 ejus
621 1756 686 1797 con·
740 1741 860 1805 animas,
878 1751 969 1797 mater
984 1747 1013 1797 et
1030 1757 1110 1812 origo
1135 1741 1227 1812 legum
1253 1737 1324 1795 diri-

92 1810 223 1885 cupiseit.
248 1812 328 1874 llam,
351 1811 506 1868 seeundum
525 1812 684 1880 carpsere-
741 1829 852 1880 narum,
869 1812 1006 1870 maistre
1016 1818 1045 1869 et
1059 1811 1175 1869 domina
1188 1813 1326 1868 humanu·

95 1900 183 1948 mum,
214 1880 287 1938 sir-ut
313 1885 410 1939 odium
440 1885 533 1939 tacere
560 1883 686 1956 suggerit
741 1901 803 1941 rum
820 1884 1029 1941 rationabilium
1048 1890 1077 1938 et
1100 1898 1257 1953 aquarum,
1274 1883 1325 1938 bo·

95 1970 182 2013 omne
202 1954 326 2022 malum3
343 1954 383 2009 sie
401 1953 526 2022 dilectio,
541 1970 624 2011 omne
638 1956 687 2011 bo·
741 1963 792 2012 stis
807 1961 835 2012 et
849 1955 964 2012 inimica
977 1955 1153 2023 inirruarum;
1175 1954 1256 2025 cujus
1278 1953 1327 2009 ub·

94 2042 176 2084 num.
191 2027 221 2082 ln
238 2025 330 2083 tribus
345 2031 440 2083 autem
457 2024 570 2082 dilectio
580 2025 627 2082 liri
639 2042 686 2082 ex·
715 2082 718 2101 ,
741 2026 886 2084 serrantia
913 2043 965 2099 per
989 2024 1110 2096 gratiam
1135 2024 1165 2080 in
1191 2025 1245 2080 liae
1268 2026 1326 2080 rita

95 2096 228 2156 tenditur
258 2114 266 2168 ς
297 2103 327 2153 ut
357 2113 457 2155 omnes
488 2097 685 2167 cognationes,
715 2098 889 2162 'initiatur,
920 2104 947 2154 et
974 2096 1140 2154 continuata
1166 2111 1255 2168 usque
1288 2094 1325 2151 ad

95 2185 200 2228 omnes
231 2169 400 2226 allectioues
427 2174 457 2225 et
487 2170 581 2225 omnis
615 2168 686 2225 ratio
714 2142 862 2261 [mortem
879 2169 908 2227 in
926 2168 981 2226 alia
995 2173 1216 2226 consummatur.

92 2241 233 2310 bumana,
248 2239 538 2312 quaintexligimuset
552 2239 688 2298 discerni·
715 2278 717 2285 ·
776 2245 923 2299 tiDuoxux
945 2258 1059 2298 rsxoxux
1086 2255 1268 2298 xxxnxroxux
1297 2254 1324 2293 rx

94 2329 170 2379 mus,
193 2311 223 2370 in
244 2315 333 2369 ileum
352 2316 524 2380 relexantur,
538 2319 564 2370 et
583 2312 686 2370 divinis
740 2317 1069 2373 rensoxqunmsrrrxnu
1084 2316 1170 2371 lixum
1182 2326 1324 2369 xnnucrxo.

94 2386 185 2443 rebus
201 2392 387 2454 occupentur,
404 2391 434 2440 nt
449 2384 518 2441 nitril
539 2390 686 2441 remaneat
741 2419 771 2427 -
790 2390 823 2443 Et
836 2389 913 2458 qnia.
930 2396 963 2444 ut
981 2386 1022 2443 ait
1042 2388 1257 2456 chrysostomus.
1274 2384 1324 2440 lu·

96 2454 127 2513 in
138 2455 252 2513 bomine
263 2457 339 2527 quud
352 2473 408 2514 xron
423 2456 528 2514 divinae
538 2456 685 2513 dilectioni
740 2458 793 2515 dai
813 2462 987 2516 aestimantes
1010 2458 1152 2515 Christum
1180 2457 1324 2513 bominem

95 2528 244 2586 subdatur.
263 2531 344 2596 item,
359 2528 416 2585 duo
430 2534 498 2585 sunt
512 2544 580 2597 erpa
594 2527 686 2600 proxi·
740 2547 841 2602 purum
867 2548 939 2597 esse,
957 2531 1108 2586 tentabant
1132 2544 1207 2596 eum,
1233 2542 1325 2599 neque

94 2599 133 2657 mi
149 2599 334 2656 dilectionem
350 2605 492 2657 servanda
508 2616 515 2655 :
535 2605 565 2656 ut
586 2605 615 2655 et
635 2600 683 2657 be·
740 2605 939 2670 tentassent,si
954 2601 1000 2657 Dei
1013 2600 1111 2657 Filium
1126 2598 1323 2665 credidisset,

93 2670 191 2729 nelicii
207 2669 388 2744 impensione
403 2671 543 2731 foveatur.
560 2676 588 2726 et
606 2670 685 2728 nulla
740 2672 803 2729 ideo
829 2674 927 2729 rolens
952 2672 1081 2729 Christus
1103 2671 1145 2727 eis
1162 2672 1323 2738 ostendere,

93 2741 208 2801 malitia
222 2742 350 2799 laedatur.
367 2743 492 2799 Primum
506 2743 682 2800 estulsrrma·
740 2745 806 2816 quia
826 2747 902 2801 Deus
924 2749 995 2809 erat,
1020 2743 1106 2800 talem
1127 2741 1325 2813 iuterrogatio·

93 2814 197 2882 tirum,
207 2814 307 2897 dequo
317 2816 467 2872 llattlxaeus
477 2833 483 2871 :
493 2815 682 2885 Quaerrmpue,
712 2856 715 2865 .
740 2832 805 2873 uem
820 2815 861 2873 eis
875 2814 1032 2888 proposuit,
1050 2821 1078 2870 ut
1093 2815 1154 2886 ipsa
1167 2813 1325 2892 iuterroga-

93 2884 206 2945 scillret
221 2885 310 2952 licita,
335 2886 477 2954 decentia,
493 2885 682 2958 expedientia,
741 2887 840 2944 tineis
864 2887 1028 2944 ostenderet
1048 2885 1112 2956 quis
1143 2891 1226 2941 esset.
1254 2885 1325 2951 Quia

95 2960 196 3024 valtis,
226 2958 334 3015 seilicet
361 2958 509 3015 voluntate
537 2958 681 3023 rationali,
740 2959 816 3016 enim
846 2959 881 3016 ad
902 2956 1067 3014 Passionem
1092 2962 1226 3013 uenturus
1253 2959 1325 3022 erat,

95 3028 210 3086 ratione
230 3029 421 3101 distinguente
446 3029 522 3086 inter
542 3029 640 3086 debita
655 3035 684 3086 et
740 3030 903 3103 opinionem
914 3025 1324 3156 iai-amludaeorumeorrigit,

95 3099 237 3169 indebita,
252 3108 283 3158 et
297 3104 417 3171 seciam,
433 3101 476 3156 rel
492 3106 523 3159 ut
539 3101 685 3158 dimittant
740 3102 787 3174 qui
802 3103 944 3159 Christum
965 3100 1056 3157 lilium
1077 3098 1176 3170 llarid,
1195 3114 1253 3154 nun
1293 3115 1324 3154 u·

97 3176 196 3240 curete,
213 3189 273 3242 oce,
288 3190 385 3246 opere,
396 3174 485 3242 cetu,
502 3173 544 3229 rel
560 3189 612 3245 pre
632 3189 682 3230 ro·
740 3174 849 3230 urinum
866 3175 927 3246 ejus
939 3188 1001 3230 esse
1016 3172 1167 3240 dicebant;
1187 3176 1225 3238 et,
1239 3175 1270 3227 ut
1281 3169 1324 3227 di-

96 3244 154 3311 bis,
179 3246 310 3316 homines,
333 3244 362 3302 in
383 3251 520 3317 quantum
543 3242 682 3314 homines,
738 3246 779 3303 xit
793 3248 986 3315 Hieronymus,
1003 3244 1097 3316 palam
1117 3242 1159 3299 eis
1181 3242 1217 3300 de
1233 3258 1263 3300 se
1277 3242 1325 3301 lo-

96 3331 156 3373 non
171 3317 270 3385 bruta;
292 3322 317 3373 et
336 3333 383 3373 aes
401 3319 487 3386 sorite
504 3317 573 3380 illis,
597 3315 625 3371 in
644 3316 682 3373 si·
740 3317 846 3387 quitur,
862 3325 893 3374 ut
908 3315 1114 3375 inexcusabiles
1128 3315 1194 3371 siut.
1212 3316 1326 3385 Cartere-

94 3387 156 3445 mili
177 3403 255 3457 casu,
271 3389 428 3457 uoluntate,
444 3404 540 3461 opere,
556 3396 584 3445 et
598 3388 683 3460 pleno
738 3393 813 3459 pratis
825 3396 916 3445 aretem
929 3391 1089 3457 Pirae-isaia,
1103 3387 1150 3460 qui
1165 3387 1202 3445 ad
1218 3392 1326 3458 teutan-

93 3458 209 3516 allectn.
227 3461 387 3518 Secundum
402 3461 477 3517 hanc
493 3460 621 3529 regulam
636 3459 682 3516 cli·
710 3450 713 3505 Ι
740 3466 806 3517 rtem
822 3468 969 3529 renerent,
985 3463 1170 3532 interrogovit
1185 3462 1324 3517 eoelestis.

93 3529 179 3587 lectio
189 3530 320 3658 proximi
338 3540 437 3589 causat
459 3536 486 3589 et
508 3531 607 3602 allicit,
631 3531 682 3588 im·
709 3508 713 3585 l
738 3532 823 3601 Quasi
837 3532 879 3589 eis
892 3530 1326 3604 diceretzllucuseuequaestio-

95 3618 185 3674 pcran
208 3620 225 3658 o
241 3620 340 3660 omues
352 3610 445 3661 motus
456 3602 681 3661 omniumxirtu-
709 3598 712 3639 Ι
738 3605 823 3662 nibus
839 3603 939 3662 restris
951 3603 1075 3661 satisfeci
1089 3622 1097 3673 3
1116 3615 1227 3679 tempus
1240 3607 1327 3661 estut

95 3678 157 3731 tum
184 3675 335 3733 tendentes
360 3676 396 3732 ad
420 3675 589 3747 proximum,
608 3675 680 3732 iute-
737 3683 766 3733 et
784 3693 834 3733 ros
853 3676 882 3733 in
903 3676 998 3746 aliquo
1023 3675 1219 3746 respondeatis
1244 3672 1322 3730 mibi.

95 3744 190 3827 riores
213 3754 242 3802 et
256 3747 420 3805 exteriores.
436 3747 519 3804 Aliud
534 3751 576 3804 est
593 3763 681 3819 nega·
737 3750 898 3820 interrogat
919 3763 987 3817 ergo
1009 3764 1059 3805 eos
1082 3747 1119 3804 de
1145 3746 1213 3809 illo,
1238 3760 1323 3817 quem

95 3822 197 3884 ttrrrm,
212 3817 247 3874 de
262 3834 318 3890 quo
331 3819 434 3876 Tobios
459 3839 467 3874 :
483 3819 560 3886 Quod
574 3819 610 3874 ab
624 3821 680 3875 etio
737 3820 892 3876 eredebant
907 3835 968 3876 esse
988 3826 1150 3886 uenturum,
1168 3815 1237 3889 qnia
1251 3832 1324 3943 pre·

94 3888 197 3957 oderis,
208 3890 427 3960 rationabiliter,
441 3893 503 3962 lteri
513 3891 575 3960 tibi,
583 3890 680 3962 eorde,
737 3895 845 3948 sentem
862 3890 978 3948 eredere
993 3891 1140 3958 nolebant,
1155 3888 1236 3959 euius
1274 3886 1326 3944 lius

95 3975 158 4027 ore,
176 3976 282 4033 opere;
302 3965 365 4019 uide
382 3978 417 4018 ne
432 3964 485 4018 alit
506 3964 616 4031 secem,
631 3976 679 4019 ro·
736 3963 840 4021 debeat
847 3979 917 4027 esse.
928 3961 1120 4029 dicenszoaid
1129 3959 1206 4015 vobis
1215 3959 1325 4016 videtur

94 4032 205 4089 luntate
218 4033 263 4090 vel
278 4050 373 4105 opere.
389 4035 492 4092 atlectu
508 4035 551 4091 vel
566 4034 679 4092 ellectu.
736 4035 770 4091 de
785 4036 903 4104 donato,
918 4034 948 4092 id
965 4040 1008 4092 est
1024 4033 1059 4089 de
1076 4033 1189 4100 ltessra,
1205 4028 1234 4086 in
1252 4031 1325 4103 Lege

96 4103 258 4185 Seeumum
273 4106 480 4179 hancregulam
492 4104 606 4164 dilectio
621 4122 681 4189 pro·
737 4112 889 4180 premisso,
911 4121 996 4177 quem
1018 4110 1169 4182 venturum
1187 4100 1326 4158 creditis?

95 4174 164 4232 xxmi
185 4177 336 4235 causaliter
359 4177 490 4252 reprimit
514 4185 542 4235 et
567 4178 681 4236 cohibet
738 4179 982 4251 Cujusfitiasest?
996 4173 1152 4254 Dupliciter
1167 4178 1265 4255 errant
1278 4174 1324 4230 Ju-

96 4262 199 4305 omnes
220 4256 314 4308 motus
338 4257 367 4308 et
381 4256 460 4308 aetus
486 4248 619 4308 vitiorum
638 4266 681 4308 re·
737 4250 791 4309 dei
806 4250 882 4309 circa
901 4246 1043 4307 Christum
1069 4264 1076 4305 :
1101 4245 1323 4325 primoquidem

96 4322 280 4395 speetuejus.
298 4320 375 4380 Licet
399 4322 486 4396 igitur
499 4321 611 4403 diversa
624 4320 681 4380 sint
709 4376 713 4389 ,
738 4321 815 4383 cirea
831 4334 999 4397 personam,
1026 4333 1085 4375 non
1105 4332 1180 4375 emm
1207 4316 1326 4379 credunt
