2820 4928
94 383 140 435 306
419 375 576 430 sttcttlbid
630 375 750 429 ratris
779 376 882 428 CAPUT
912 375 1004 427 xtlx

96 485 172 553 tilox,
186 488 214 541 ct
233 480 323 545 miles,
340 485 368 536 et
388 478 523 552 agricola,
543 483 572 535 ct
587 494 676 549 nego-

93 556 180 613 tiator
199 554 278 611 adid
298 552 373 624 quod
393 550 581 607 communitor
596 566 677 622 eipe-

91 627 141 684 diti
158 631 232 694 sunt,
244 630 273 682 et
284 625 321 681 ad
332 624 409 695 quod
419 622 546 695 proximo
558 623 675 694 prodest

88 698 242 755 coniiciunt
255 695 401 764 universi3
426 695 514 751 multo
534 696 625 767 magis
647 696 676 750 in

88 768 283 841 spiritualibus
300 769 355 824 boc
374 773 486 839 oportet
505 767 609 835 iacere,
623 767 677 822 hoc

90 841 166 898 euim
180 840 303 897 maxime
319 844 363 896 est
376 844 481 896 vivere.
498 838 549 906 Qui
566 837 677 910 sibiipsi

90 913 157 969 vivit
174 915 278 981 solum,
306 917 334 968 et
362 927 462 968 omnes
482 909 611 982 despicit,
627 926 677 966 su·

91 987 219 1059 perliuus
233 990 287 1056 est,
305 989 334 1040 et
357 999 450 1056 neque
465 984 562 1051 homo,
584 997 677 1054 neque

92 1055 206 1131 generis
221 1055 312 1113 nostri
329 1073 336 1112 :
353 1076 367 1109 ii
384 1056 445 1112 haec
459 1057 674 1125 Clipeostomus.

131 1152 158 1186 ii
196 1130 304 1197 Quirino
330 1145 411 1184 viria
437 1143 599 1184 anniciosiiu
620 1142 676 1205 μ-

92 1218 183 1257 rnacri
212 1201 443 1257 bsonari-liii
473 1197 617 1269 praedictis
638 1197 678 1252 iii·

92 1273 186 1344 detur,
203 1277 278 1346 quod
292 1271 395 1343 aliquis
410 1271 502 1328 tidelis
517 1270 546 1328 in
559 1271 677 1326 caritate

91 1361 222 1413 maneus,
247 1344 295 1417 qui
321 1345 430 1414 absque
463 1359 514 1400 suo
543 1341 677 1423 srangtalo

92 1416 172 1473 utilis
193 1422 246 1485 est,
267 1416 311 1472 ici
339 1432 402 1472 esse
429 1420 522 1486 polest
541 1429 678 1486 proximis

92 1488 186 1556 quoad
198 1495 284 1544 vitam
295 1493 443 1554 aeternam,
479 1496 557 1542 accat
571 1490 677 1541 morta-

91 1559 165 1623 liter,
185 1559 208 1615 si
233 1576 263 1615 se
279 1559 444 1615 transferte
480 1573 618 1624 eremum,
634 1556 678 1612 vel

92 1634 311 1697 monasterium,
327 1628 377 1685 ubi
400 1629 471 1685 aiios
485 1646 543 1684 non
564 1627 680 1684 instruit

89 1702 176 1758 verbo
195 1701 239 1757 vel
254 1700 393 1771 exemplo,
409 1716 461 1756 nec
474 1715 571 1756 curam
592 1715 678 1771 quam

89 1777 186 1846 posset
200 1777 229 1829 et
242 1773 326 1829 debet
337 1770 412 1828 circo
428 1770 582 1898 proximos
594 1770 677 1842 gerit,

91 1844 160 1918 quia
181 1843 222 1901 ita
236 1842 386 1900 abscondit
401 1848 430 1900 ta
442 1848 551 1913 cutum,
578 1848 606 1900 et
635 1847 679 1899 est

91 1933 190 1975 servus
208 1916 310 1990 piger3
331 1916 367 1973 de
387 1915 509 1972 infirmis
528 1914 605 1972 enini
621 1931 678 1970 non

91 1988 245 2061 loquimur,
261 1988 309 2072 qui
331 1989 365 2045 de
385 1987 459 2044 iaciti
487 1987 679 2044 scandalizan-

92 2066 148 2125 tur,
166 2060 233 2134 quia
250 2078 292 2118 eis
307 2065 350 2118 est
369 2067 462 2117 tutum
478 2060 576 2132 lugere
604 2075 678 2116 coii-

91 2132 212 2189 sortium
227 2148 378 2207 pravorum
389 2138 416 2189 et
430 2133 547 2203 laqueos
561 2129 676 2187 diaboli.

92 2205 147 2260 Sed
162 2220 177 2260 e
192 2213 290 2260 contra
310 2203 431 2271 videtur,
452 2203 520 2272 quia
542 2202 680 2273 praevalet

91 2272 677 2345 activaeconicmpiutiva;Dominusenim

91 2343 160 2400 dicit
172 2346 289 2400 iiarthae
301 2361 308 2400 ε
322 2347 415 2400 Μανία
428 2348 560 2417 optimam
570 2351 677 2416 purtem

90 2418 181 2485 clepit,
202 2432 262 2487 quaa
287 2432 341 2471 noir
368 2418 510 2483 proferetur
536 2417 571 2472 ub
585 2432 631 2484 ea;
649 2421 678 2472 et

90 2488 309 2560 Hieronpmroin
322 2487 450 2562 pluribus
462 2488 532 2544 locis
545 2488 677 2566 epistola·

90 2576 155 2617 rum
166 2576 283 2616 suarum
297 2577 387 2632 usquc
400 2561 472 2617 adeo
482 2561 599 2633 praefert
608 2559 676 2617 acti·

88 2648 131 2689 ric
151 2632 410 2716 contemplativam,
429 2639 461 2689 ut
475 2632 550 2689 viros
564 2631 676 2702 roligio-

89 2721 146 2773 sos,
156 2711 185 2763 et
198 2704 293 2761 multis
302 2706 384 2762 utiles
396 2710 477 2762 vocet
488 2705 524 2762 ad
535 2720 674 2774 eremum,

89 2779 170 2850 quasi
186 2776 255 2834 nibil
277 2776 344 2833 boni
361 2777 390 2833 in
417 2777 523 2833 mundo
543 2783 673 2847 agerent,

88 2849 186 2907 habito
207 2855 337 2922 respectu
352 2850 389 2905 ad
412 2849 498 2905 vitam
519 2848 673 2905 monacho·

88 2937 154 2985 rum
168 2927 197 2980 ct
210 2924 458 2983 anachoretarum.
484 2924 518 2979 ln
536 2921 581 2978 his
604 2936 673 2993 ergo

731 477 843 534 ridetur
856 477 1075 548 necessarium,
1087 484 1122 536 ut
1136 480 1250 551 quisque
1258 481 1309 538 rire

730 567 795 607 suas
809 549 985 618 consideret,
998 557 1028 607 et
1044 552 1085 607 ad
1102 553 1180 623 quod
1193 569 1258 624 opus
1268 553 1311 624 ipsa

731 621 768 678 sit
781 621 874 694 aptior
889 627 1012 694 penset:
1028 621 1149 681 sienim
1165 624 1201 681 ad
1216 631 1313 682 rontan-

730 693 866 767 piativam
883 693 1022 764 habilior,
1037 701 1070 751 et
1086 696 1126 752 ad
1145 698 1314 754 oranduoide

731 765 833 834 votior,
851 770 913 824 tute
928 782 961 823 se
977 767 1145 824 transierat
1161 769 1198 825 ad
1211 786 1315 832 erenum,

731 845 862 919 oraturus
880 854 932 921 pro
952 855 985 895 se
1000 845 1033 895 et
1061 839 1144 905 aliis,
1170 846 1199 897 ct
1214 841 1249 896 ita
1273 843 1317 912 plu

730 910 944 982 proderiteisiu
955 927 1063 969 eremo
1073 912 1148 984 proi
1172 912 1212 968 sis
1221 914 1318 981 orando,

731 997 816 1054 quain
832 980 861 1037 in
878 982 989 1039 mundo
1009 983 1056 1040 eis
1073 929 1318 1056 praerfirandomer

731 1053 880 1111 abscondit
906 1053 1068 1126 pecuniam
1098 1056 1217 1113 Domini
1243 1056 1319 1113 sulii

731 1130 817 1194 terra,
833 1124 926 1183 sedin
944 1126 1089 1191 Domino,
1112 1127 1184 1185 iicet
1199 1145 1254 1184 non
1267 1146 1319 1200 pre

731 1198 816 1266 diret,
838 1196 905 1280 quia
920 1197 1037 1255 talenta
1053 1199 1206 1257 orationis
1219 1207 1245 1257 el
1255 1202 1318 1257 deio-

732 1269 828 1338 tiouis‚
845 1286 874 1326 in
895 1286 952 1341 quo
969 1269 1108 1342 amplius
1123 1272 1216 1337 salet.
1234 1280 1260 1329 et
1273 1289 1319 1329 nr-

731 1341 833 1399 liorcm
844 1358 875 1398 se
888 1341 987 1409 sentit,
1003 1345 1152 1400 omnibus
1166 1354 1319 1416 erogatnec

731 1412 883 1494 pigcrdici
902 1414 987 1470 debet
1007 1414 1061 1485 qui
1088 1421 1171 1473 totus
1195 1417 1225 1473 in
1244 1423 1320 1473 sancti

733 1490 881 1542 devotione
892 1485 1083 1556 moratione,
1093 1489 1223 1560 jejunio,
1235 1489 1319 1560 sigilii,

732 1562 760 1613 et
772 1559 839 1614 lietu
850 1563 902 1626 est;
917 1564 1141 1625 verumtamen,
1154 1559 1180 1616 si
1193 1560 1254 1631 quis
1264 1560 1320 1616 ride

731 1636 777 1685 rot
795 1628 890 1699 grecis
916 1628 972 1685 sibi
989 1631 1149 1688 commissi
1180 1633 1319 1704 periculum

732 1700 892 1768 imminere,
908 1708 937 1757 et
953 1701 1072 1761 nullum
1089 1703 1233 1761 idoneum
1246 1704 1273 1760 in
1285 1720 1320 1760 cii

731 1788 794 1830 rain
807 1772 902 1843 gregis
916 1771 971 1829 sibi
989 1790 1218 1841 successurum.
1233 1775 1321 1847 pericu·

732 1844 872 1902 iumcsset
885 1860 1005 1915 gregem
1021 1846 1182 1917 deserere,
1195 1848 1319 1905 etadere

732 1932 810 1975 nium
835 1932 864 1972 se
879 1915 1054 1986 transferre,
1072 1919 1146 1977 licei
1161 1918 1319 1977 habiliorad

732 1989 872 2045 orandum
887 1987 933 2054 sit,
951 1987 1120 2048 dummodo
1142 1991 1182 2047 de
1196 2008 1320 2049 suescan-

731 2059 796 2117 dolo
821 2075 878 2117 non
895 2069 1076 2132 praesumat:
1108 2064 1249 2134 praelatus
1265 2062 1318 2134 qui·

731 2131 796 2189 dein
809 2133 855 2202 qui
869 2132 989 2213 idoneus
1000 2135 1092 2191 estad
1103 2135 1317 2208 predicandum,

731 2210 759 2259 et
775 2204 869 2275 plures
889 2208 1033 2262 instruere
1050 2212 1165 2277 potest,
1178 2223 1212 2264 ac
1230 2206 1278 2264 sibi
1296 2212 1319 2263 et

730 2274 794 2331 aliis
808 2274 838 2330 in
852 2275 901 2333 tali
918 2275 1014 2332 silicio
1030 2277 1115 2335 utilis
1127 2288 1184 2348 est,
1200 2279 1261 2335 talis
1273 2278 1319 2335 iri·

731 2351 841 2403 ternam
855 2346 1005 2405 caritatem
1020 2365 1080 2405 non
1096 2351 1266 2408 observatsi
1281 2366 1320 2420 po·

729 2419 829 2490 pulum
856 2417 909 2475 sibi
929 2419 1125 2479 conimissum
1145 2423 1316 2494 relinqueret,

730 2496 795 2546 etse
808 2490 843 2546 ad
856 2506 986 2553 cronium
997 2494 1188 2564 transferret,
1202 2511 1263 2553 cuin
1273 2492 1317 2551 uti·

730 2560 784 2618 lior
802 2562 831 2619 in
850 2578 920 2633 agro
941 2563 1175 2634 praedicationis,
1192 2582 1274 2638 quern
1291 2566 1315 2622 in

729 2649 826 2690 erenio
840 2650 902 2691 esse
916 2634 1025 2706 possit:
1040 2636 1068 2693 in
1083 2637 1133 2693 his
1150 2655 1219 2695 vero
1230 2654 1316 2709 queui-

729 2720 785 2776 que
805 2705 834 2760 io
855 2705 974 2763 caritate
1001 2715 1176 2767 manentem
1207 2710 1314 2782 Spiritus

729 2777 850 2858 Sanctus
870 2779 945 2861 intus
956 2778 1084 2847 docebit,
1097 2783 1170 2864 quid
1185 2781 1211 2838 ei
1227 2780 1313 2838 melius

728 2848 890 2906 laciendum
905 2856 951 2920 sit,
970 2857 999 2907 et
1024 2851 1146 2911 solliciti
1172 2854 1248 2911 circa
1262 2854 1312 2911 liar

728 2919 907 2994 inquisitoris
926 2923 1083 2995 questioni
1099 2924 1269 2985 satisfaciet.

652 3111 784 3171 ORATIO

126 3298 245 3362 Domino
260 3302 325 3382 iasii
344 3298 465 3367 Christo,
479 3299 529 3381 qui
553 3298 634 3357 nobis
652 3306 701 3360 tua
730 3305 807 3364 dona
832 3306 1060 3366 misericorditer
1086 3311 1244 3379 tradidisti,
1259 3326 1308 3367 ino·

88 3388 160 3427 nens
175 3377 205 3427 ut
220 3371 369 3441 uigilantes
384 3377 410 3428 et
424 3371 544 3428 sollicite
564 3377 682 3443 agentes
699 3393 731 3433 ei
746 3377 788 3435 eis
802 3379 928 3438 iructum
945 3383 1114 3451 afferamus,
1131 3384 1170 3440 dn
1193 3383 1259 3440 mibi
1274 3382 1307 3438 io·

88 3441 174 3511 digno
187 3457 268 3497 serio
283 3446 331 3496 tuo
345 3442 380 3497 de
397 3441 479 3523 donis
489 3459 510 3523 'a
524 3447 552 3499 te
573 3444 693 3516 receptis
707 3450 860 3522 vigilanter
875 3452 1015 3525 negotiari
1044 3458 1074 3510 et
1089 3471 1126 3512 oa
1168 3472 1202 3512 er
1215 3456 1308 3512 fructus

88 3513 229 3569 bonorum
244 3527 362 3640 operum
376 3512 580 3586 multiplicare;
594 3513 692 3588 eisque
701 3521 738 3578 ad
752 3522 791 3579 tui
803 3524 937 3595 gloriam,
953 3523 1074 3597 proximi
1088 3471 1167 3584 aedib

1170 3527 1306 3585 rationein,

89 3589 117 3643 et
138 3582 192 3642 inei
208 3600 257 3655 rer
269 3582 408 3643 actionem
425 3584 465 3641 sic
484 3584 556 3641 bene
576 3586 628 3654 uti,
644 3593 674 3644 ut
688 3608 753 3651 cum
768 3595 858 3652 servis
875 3597 934 3653 iuis
948 3597 1031 3655 bonis
1048 3604 1079 3654 ei
1098 3599 1236 3657 odericus
1258 3612 1306 3654 ue-

87 3674 152 3716 rear
168 3653 356 3725 remunerari,
373 3672 415 3738 ac,
432 3659 460 3738 to
469 3655 597 3741 jubente,
613 3660 721 3722 intrare
734 3667 869 3738 gaudium
887 3667 1030 3727 felicitatis
1043 3674 1175 3743 aetcrnae,
1191 3678 1220 3729 et
1233 3666 1306 3742 siispi

85 3747 150 3788 cere
164 3747 226 3803 quae
246 3735 412 3807 preparasti
426 3728 611 3802 diiigentibus
625 3736 663 3805 tc,
684 3736 759 3796 bone
770 3741 849 3798 Jesu.
873 3742 976 3799 Amen.

571 4009 844 4029 -nu——ou--n-q
