2820 4928
135 330 183 385 351
485 325 641 383 SECUNDA!
669 326 786 381 llum
813 322 921 381 otior
954 320 1036 377 uvtt

135 437 245 497 amieos
267 444 393 495 nocetur.
412 435 456 503 Et,
472 431 628 493 erundum
645 446 723 491 euni·
776 428 856 489 illum
887 427 1047 498 nominat,
1069 443 1169 500 ouem
1193 443 1243 485 cor
1262 434 1360 496 susm

137 511 201 571 dero
216 509 387 577 drepors'um,
397 520 501 579 magne
514 501 723 563 esturisoricor·
778 500 852 569 ideo,
865 498 890 559 si
903 500 974 570 plus
986 499 1028 559 ds
1045 500 1180 567 mundo,
1192 516 1274 571 quern
1285 501 1313 557 de
1323 501 1359 561 bn

135 581 183 639 dis
203 577 411 652 Redemptoris.
426 582 455 634 et
477 574 600 649 dignitas
629 575 722 631 borni·
779 574 864 643 solor¹
888 572 987 644 nugis
1013 572 1185 640 mundum,
1199 587 1280 643 ouon
1302 573 1361 631 bu

135 668 201 711 num
213 650 393 709 essesmicos
407 647 532 705 Deised
544 642 649 703 erudisti
663 646 723 718 glo·
779 642 899 715 diligere
927 644 1144 703 conrinoitur.
1166 673 1202 689 ··-
1227 644 1319 707 Tertio.
1338 659 1361 699 u

134 722 206 781 riam
226 720 385 794 diguitatis,
411 735 476 777 curn
505 717 610 775 dicitur
633 735 639 774 :
668 720 724 775 Vos
780 718 871 773 Deum
886 715 1066 787 diligas,sb
1081 731 1177 797 opere
1193 722 1243 773 tuo
1256 716 1360 786 medrus

133 797 217 851 omisi
230 798 283 853 mei
296 797 380 861 estis;
399 791 465 849 sudi
479 796 508 847 ot
522 791 648 847 laborent
666 805 725 845 cer·
781 804 838 845 non
866 789 948 845 enirn
978 791 1084 857 potest
1104 788 1185 870 iguis
1205 802 1274 853 esso,
1289 794 1313 844 st
1326 803 1359 843 us

134 862 726 933 taurinis‚curnsubditumsiteoeritisquss
780 859 893 915 orders.
913 858 947 917 Si
962 874 1041 930 ergo
1060 860 1143 929 ignis
1166 858 1281 917 divinus
1297 858 1359 915 estio

134 953 182 1005 epo
196 939 327 1009 precipio
344 937 431 993 uobis.
445 935 523 991 Uudo
536 933 576 989 ait
590 934 726 999 Aspustt-
781 932 877 1011 cordo
888 936 952 1012 tuo,
969 945 1033 989 uon
1058 929 1178 1002 potoris
1201 945 1297 987 verm
1311 932 1359 991 olo:

135 1024 202 1065 nos:
214 1030 227 1061 ι
239 1008 514 1065 Cumservusbonus
524 1020 586 1061 esso
598 1019 726 1075 nonpos·
782 1001 832 1059 sed
855 1017 878 1061 sr
894 1008 956 1063 otto
973 1017 1081 1071 seces,
1105 1001 1211 1073 iguem
1225 1018 1281 1059 oon
1292 1004 1360 1065 bsbst

134 1079 181 1144 sit.
195 1078 248 1137 nisi
263 1084 406 1160 precepto
418 1074 532 1136 Domini
548 1074 592 1132 sui
608 1075 723 1143 lecerit,
782 1071 860 1144 quia.
875 1078 905 1129 ut
930 1074 1084 1143 scripturn
1107 1079 1155 1130 est
1176 1091 1185 1131 r
1207 1073 1307 1133 cartus
1324 1089 1361 1129 oss

136 1150 202 1207 blno
214 1148 494 1209 amicossuosvoluit
505 1145 638 1218 intelligi,
651 1145 725 1203 uude
781 1149 826 1202 est
843 1147 949 1213 otiose,
965 1150 1118 1216 operator·
1138 1144 1233 1211 euim,
1247 1145 1270 1203 si
1292 1146 1360 1212 ests

137 1222 203 1279 boui
221 1220 295 1281 servi
310 1229 426 1303 possunt
439 1217 564 1292 probari.
584 1218 605 1275 0
622 1232 726 1289 magns
782 1214 895 1288 operari
923 1214 1037 1283 renuit.
1060 1215 1177 1275 coritas
1205 1234 1262 1275 nou
1286 1215 1361 1275 estll

138 1293 252 1354 bouitas
268 1294 335 1350 Der!
356 1293 424 1349 Cum
444 1291 470 1350 ei
492 1307 541 1360 pro
561 1288 726 1347 conditione
782 1288 840 1369 hoo
854 1303 924 1360 erpo
945 1287 1030 1368 quod
1051 1288 1166 1359 aliquis
1186 1291 1318 1347 Christum
1331 1303 1362 1343 rs·

140 1365 259 1423 reddere
283 1364 439 1421 debeamus
461 1363 607 1433 obsequia,
630 1366 726 1430 utpote
783 1358 1028 1431 monterotundo,
1052 1375 1185 1419 noemae
1208 1368 1263 1429 est,
1283 1368 1308 1417 ut
1325 1360 1362 1415 bs

141 1439 214 1491 servi
241 1435 368 1495 Domino.
389 1432 487 1490 lamuli
513 1435 581 1501 Deo,
608 1428 728 1513 subjecti
783 1430 993 1512 amsudonibrl
1008 1431 1362 1514 proeponatotproriuos

139 1506 259 1578 potenti,
276 1506 417 1578 rnonripie
441 1504 634 1576 ltedempton,
654 1519 727 1565 onu·
783 1517 866 1558 suum
879 1507 953 1560 srcut
966 1516 1002 1557 se
1019 1504 1144 1573 diuam,
1164 1519 1201 1561 so
1214 1505 1363 1561 dileetiorn

143 1575 489 1648 citisromnobispraenrie
502 1574 730 1647 promittil,uls
785 1573 881 1643 corde,
902 1588 965 1640 ors,
993 1578 1027 1631 et
1055 1589 1154 1645 opere
1179 1575 1363 1633 ostendstllot

140 1648 223 1705 nobis
244 1647 381 1719 obsequis
403 1645 500 1703 debito
521 1644 664 1702 servitutis
679 1662 727 1705 ex·

138 1723 287 1791 torqueat;
305 1723 335 1777 nt
348 1734 419 1795 quos
439 1717 516 1775 nolle
531 1716 638 1773 servire
656 1732 726 1774 ron·

138 1789 231 1861 spicit,
252 1796 353 1862 sponte
379 1804 497 1851 suorum
523 1788 728 1845 beneficiorum

140 1862 229 1934 possit
239 1860 476 1936 promissionibus
486 1858 606 1919 iuritsre
616 1877 623 1914 ι
635 1881 650 1910 o
668 1861 730 1916 baeo

140 1936 326 2004 Auentinus.
343 1933 441 1993 Nullus
464 1948 495 1991 er
516 1948 532 1989 o
557 1933 618 1989 siue
634 1934 729 2004 operis

138 2004 319 2087 attestatione
334 2005 431 2065 credat
444 2020 474 2061 se
490 1948 579 2063 geum
592 2002 727 2085 (litigium

142 2076 203 2146 sed,
219 2084 249 2134 ut
274 2083 315 2133 ert
341 2078 500 2145 depono,
521 2072 556 2132 de
578 2075 730 2133 dilectione

142 2146 305 2207 conditoris
324 2146 431 2218 lingua,
452 2162 534 2207 meus
555 2152 583 2204 et
607 2146 665 2204 sito
685 2163 731 2201 re-

145 2219 283 2290 quiretur.
297 2220 508 2299 Numquam-ost
523 2215 571 2277 oet
585 2232 667 2275 arnor
677 2217 731 2275 oti-

142 2306 220 2359 osus,
236 2297 372 2362 operatur
390 2295 497 2345 elerum
513 2291 653 2359 magnast
669 2294 728 2357 este

142 2361 166 2418 si
181 2377 249 2419 vero
264 2359 375 2432 operari
390 2359 494 2428 renuit,
512 2375 593 2417 snror
607 2376 663 2417 nou
677 2368 730 2416 est.

143 2435 231 2490 Neruo
261 2430 357 2502 itaque
390 2431 475 2488 debet
504 2431 621 2492 credere
654 2431 731 2503 quod

145 2507 233 2563 ileum
258 2501 367 2574 diliget,
386 2501 434 2574 qui
460 2519 526 2559 euur
548 2517 625 2573 susus
646 2503 732 2561 cordo

145 2593 202 2639 non
216 2574 332 2648 cogitat,
349 2574 396 2646 qui
416 2590 482 2633 eom
505 2589 581 2647 sepe
600 2591 650 2633 oro
673 2590 732 2635 non

146 2648 252 2717 laudat,
285 2645 313 2705 ui
332 2648 393 2729 eius
415 2647 549 2705 mandate
569 2662 655 2719 opere
675 2662 732 2705 nou

144 2724 247 2778 servet.
261 2663 340 2777 finde
350 2718 426 2776 rdom
437 2719 585 2786 Groporios
600 2735 607 2774 ι
624 2741 635 2766 α
653 2717 681 2775 Si
697 2718 732 2777 sb

143 2792 239 2864 aliquo
258 2795 413 2861 queretur,
431 2796 525 2849 utrum
543 2790 731 2857 Deumsmot

145 2864 244 2930 libere,
261 2861 416 2934 respondet
436 2878 443 2917 :
465 2863 520 2929 lts;
541 2861 591 2918 sod
610 2866 730 2929 constet,

144 2941 175 2992 ut
189 2934 249 3005 ipse
269 2933 347 3001 dicit,
361 2933 437 3004 quod
457 2931 588 3004 probatio
604 2932 731 2991 dilectio-

146 3007 201 3077 nis,
220 3003 355 3063 exhibitio
374 3008 417 3061 est
444 3006 548 3076 operis.
564 3024 577 3057 n
595 3006 679 3075 Ergo,
708 3003 732 3063 si

147 3095 212 3137 rere
228 3079 317 3135 Deum
336 3075 442 3148 diligis,
462 3076 646 3148 quaeroudum
658 3082 734 3137 oste

148 3152 245 3219 corde,
259 3150 296 3207 ab
311 3165 372 3217 ore,
388 3153 414 3204 et
427 3147 463 3205 ab
477 3163 573 3220 opere.
588 3179 623 3191 -
636 3146 732 3206 Primo

149 3220 396 3292 requiraseoorde
407 3226 465 3286 tuo,
476 3218 542 3290 quia
555 3219 631 3291 quod
645 3222 733 3289 emet,

148 3295 182 3348 de
190 3307 304 3362 eosaepe
315 3292 438 3360 eogilat;
452 3293 526 3350 unde
536 3290 671 3349 luxuriosi
683 3307 735 3347 sn-

147 3379 183 3433 pe
194 3362 319 3443 cogitent
329 3361 365 3418 de
376 3361 482 3419 doliolis
491 3362 595 3431 carnis,
606 3361 684 3420 orori
698 3362 733 3421 de

147 3432 263 3498 divitiis,
280 3437 308 3487 et
320 3432 436 3510 superbi
448 3433 482 3488 de
496 3432 668 3499 eminentiis,
683 3433 734 3491 sed

147 3503 200 3563 viri
214 3518 280 3560 rere
290 3502 453 3572 sprr1tuoles
468 3504 503 3559 de
518 3502 629 3560 divinis.
647 3503 675 3561 si
691 3519 734 3560 er-

148 3591 185 3703 50
202 3590 259 3635 non
273 3573 390 3644 sepedo
402 3574 460 3629 Deo
474 3572 658 3644 cogites‚noo
674 3590 733 3630 cre·

100 3652 103 3657 “
169 3663 198 3705 as
212 3651 241 3702 te
256 3661 322 3703 vere
336 3659 434 3703 emere
453 3660 529 3703 eum.
545 3647 614 3704 ttorn
631 3647 734 3713 omnis,

147 3719 233 3777 bomo
260 3715 381 3779 maximo
407 3717 443 3775 de
467 3734 501 3779 so
523 3715 638 3796 cogitat.
658 3718 735 3788 ouod

148 3806 207 3861 pre
223 3789 325 3848 ceteris
340 3794 432 3858 omnt3
447 3806 525 3862 ergo,
543 3806 564 3847 sr
579 3788 735 3847 demendo

150 3860 239 3933 magis
252 3877 336 3933 quarn
350 3862 384 3915 de
399 3862 456 3917 Deo
470 3864 587 3932 engilon,
600 3863 736 3921 mundum

150 3935 240 4005 magis
253 3948 337 4004 quam
349 3932 437 3989 Dourn
448 3948 538 3989 emes.
549 3965 583 3977 -
593 3933 735 4002 Secundo,

151 4002 733 4075 siDeumdiligisellngueluerequires;

151 4074 218 4145 quie
230 4075 298 4134 dixit
310 4092 316 4131 ε
329 4077 551 4133 habundantio
562 4080 633 4132 enim
645 4076 736 4133 oords's

151 4147 738 4225 ostendendamidemestrorbumoor·

152 4216 196 4277 dis
214 4222 242 4278 ot
258 4217 327 4285 oris,
343 4218 438 4275 sedin
453 4219 539 4277 eorde
554 4223 598 4275 est
617 4218 734 4287 nudum,

152 4288 180 4345 in
195 4302 243 4341 oro
256 4288 400 4359 reddum,
421 4289 520 4361 liugos
533 4305 601 4360 ergo
612 4289 735 4352 libenter

785 1644 871 1703 etism
891 1643 968 1717 quod
987 1643 1108 1702 dietum
1135 1653 1184 1704 est
1206 1670 1213 1704 :
1237 1651 1287 1705 Vos
1307 1645 1364 1700 uiri

785 1719 838 1773 mei
861 1719 937 1783 estis.
957 1715 1126 1787 dupliclter
1147 1723 1246 1787 potest
1263 1714 1363 1787 intelligi

786 1787 945 1870 seeundum
964 1789 1061 1870 ⁸quod
1093 1789 1214 1847 amicus
1246 1789 1364 1861 duplirite

786 1860 900 1928 ducitur,
931 1857 1046 1917 seilicet
1064 1865 1098 1917 et
1119 1863 1277 1932 quidmst.
1295 1868 1319 1917 et
1332 1874 1362 1929 ou

786 1935 913 1998 amotum
925 1936 954 1987 et
974 1930 1146 1989 secundum
1165 1941 1314 2004 utrumque
1330 1946 1364 1987 ro·

786 2018 850 2061 rum
863 2000 993 2072 estquod
1005 2001 1110 2060 subdit
1128 2021 1137 2059 t
1151 2007 1187 2062 Si
1198 2007 1315 2072 feeerttr's
1324 2016 1364 2073 qus

787 2091 835 2143 eoo
847 2075 977 2144 proripio
998 2074 1092 2139 uobis,
1109 2074 1183 2146 quis
1196 2081 1228 2132 ot
1241 2074 1288 2148 qui
1301 2077 1363 2132 beon

787 2149 900 2213 ament,
929 2144 1069 2203 mandem
1105 2147 1174 2218 ojus
1201 2150 1363 2212 ssrrsuts

788 2233 858 2290 quos
877 2218 952 2273 Deos
972 2222 1064 2281 emat.
1088 2218 1362 2277 mandstsilllosssr

787 2294 866 2356 rant,
879 2287 909 2344 iu
922 2291 1060 2359 quantum
1073 2290 1260 2349 conterendo
1272 2290 1310 2347 eis
1320 2302 1362 2360 prr

788 2360 858 2419 tiens
869 2374 950 2417 susm
962 2360 1084 2430 adjuret
1099 2365 1138 2419 nd
1153 2378 1191 2420 es
1207 2361 1363 2420 serrmdot

789 2432 859 2500 Sed,
875 2436 904 2487 ut
918 2429 1009 2489 visum
1020 2436 1065 2487 ost
1074 2447 1181 2505 suprs,
1190 2434 1364 2493 rusndetoruo

789 2501 951 2561 obsersotio
974 2517 1031 2563 nou
1055 2508 1105 2559 est
1122 2503 1237 2565 drino
1261 2501 1365 2563 smieltis

789 2590 886 2643 causa,
918 2580 962 2631 sst
996 2572 1128 2645 signum,
1164 2577 1281 2634 scilieet
1312 2571 1365 2657 quel

791 2649 864 2705 Deus
878 2644 978 2716 diligat
992 2660 1058 2713 nos,
1075 2652 1107 2703 et
1122 2649 1207 2718 quod
1222 2666 1277 2709 uos
1287 2648 1364 2721 diluu-¹

791 2734 854 2775 mus
868 2733 944 2774 eum.
962 2718 996 2775 Et
1010 2715 1099 2788 plura
1113 2720 1177 2778 stis
1192 2721 1366 2794 bujusesnoo

789 2789 925 2849 Dominus
940 2794 1007 2845 tuno
1020 2788 1152 2849 dicebat.

829 2883 859 2921 ro
877 2863 1028 2919 Pnrrsurrs
1039 2875 1258 2932 consensuro,
1272 2881 1304 2920 so
1315 2877 1368 2925 oros

790 2936 923 2991 Cnnrsrus
941 2949 973 2989 er
993 2948 1051 2989 urst
1077 2950 1145 2989 ouro
1172 2953 1240 2993 surr
1260 2950 1369 2993 ossouts

790 3024 823 3061 er
844 3021 975 3061 rursum
991 3020 1135 3063 urruns
1157 3024 1189 3064 nr
1210 3024 1333 3066 osnnrru
1345 3034 1368 3051 -·

791 3078 906 3145 Quarto,
928 3077 1004 3133 eirea
1028 3090 1205 3156 sermonem
1235 3077 1368 3143 mediteris,

791 3147 912 3221 qualiter
925 3147 1018 3207 dendo
1028 3162 1072 3204 ors
1087 3149 1301 3209 confidentior
1313 3149 1369 3207 tiro

792 3234 959 3293 pressuras,
984 3233 1056 3289 quos
1083 3221 1128 3300 eis
1164 3222 1298 3350 {redirit
1323 3233 1369 3276 sss·

791 3296 935 3357 venturus,
949 3298 1104 3371 praemuurt
1118 3298 1150 3348 et
1191 3293 1319 3351 ortaturi

791 3363 826 3420 od
842 3360 1019 3435 potientium,
1034 3376 1071 3417 ne
1085 3362 1232 3425 deliciunt
1250 3364 1279 3422 iu
1294 3372 1325 3421 tn

792 3432 955 3503 lotionibus,
985 3431 1108 3491 diceus:
1128 3436 1168 3492 Si
1196 3438 1313 3494 mundos
1333 3446 1368 3489 sss

791 3507 861 3569 odit,
885 3503 914 3561 id
941 3508 983 3561 est
1012 3504 1158 3563 mundani
1190 3514 1221 3565 st
1248 3511 1368 3565 snsbru

793 3573 957 3646 muodi‚qui
973 3573 1085 3655 deliciis
1101 3582 1132 3635 et
1145 3578 1305 3637 bonoribus
1316 3581 1368 3633 suot

792 3647 890 3717 dediti,
906 3648 1011 3715 scitote,
1026 3645 1140 3704 sorlioot
1155 3650 1196 3707 sd
1216 3647 1366 3709 oonsolstio·

793 3735 859 3777 nom
872 3723 1006 3786 vestrum,
1020 3720 1090 3787 onio
1105 3736 1153 3777 ms
1167 3726 1290 3793 podem
1309 3718 1367 3777 solit

793 3793 855 3847 odio
875 3790 981 3848 babuit.
1010 3789 1092 3847 Unde
1117 3798 1265 3866 scriptum
1288 3788 1365 3849 estu

794 3861 906 3919 Psalmo
923 3878 930 3917 ι
956 3860 1025 3918 uoto
1041 3861 1209 3923 babuerunt
1227 3881 1270 3921 m
1285 3863 1364 3934 prdit.

793 3932 877 4000 Quasi
896 3932 1013 4000 dioeret‚
1037 3934 1206 3995 secundum
1228 3937 1364 4006 omousio*

793 4022 867 4061 mum
885 4023 893 4060 r
912 4003 975 4061 Solo
993 4004 1045 4059 boo
1056 4020 1120 4063 esse
1137 4007 1250 4066 durum
1263 4015 1291 4064 et
1307 4002 1362 4063 ott·

793 4076 857 4146 cilo,
878 4074 928 4133 sod
949 4081 1066 4147 proptor
1089 4092 1136 4133 roe
1167 4078 1362 4149 pstlsmioittl

794 4147 858 4205 ideo
870 4163 926 4203 uon
935 4145 1098 4214 dolers‚sed
1107 4153 1139 4204 st
1153 4149 1249 4208 laetsri
1265 4152 1360 4222 oporlsl

794 4226 823 4277 ol
837 4217 941 4277 sullloit
953 4218 1034 4276 vobis
1043 4217 1073 4276 in
1082 4222 1311 4283 consolationem
1320 4231 1360 4296 μς*

793 4296 857 4366 pter
872 4291 987 4352 msbaeo
998 4288 1068 4364 prti.
1084 4290 1215 4353 (lrsndis
1230 4292 1361 4351 conober
