2820 4928
84 386 130 445 att

92 495 198 566 operis,
223 498 252 549 et
276 495 427 561 utrumque
450 493 492 545 est
515 488 631 559 ligatum
644 489 673 544 in

93 563 249 632 damnatis;
264 565 366 618 mittite
389 565 415 616 et
439 559 568 633 projicite
595 561 673 617 illum

93 637 132 694 sic
148 636 276 708 ligatum,
292 637 323 690 in
336 633 460 689 tenebras
482 633 640 701 exteriores,
657 649 674 688 a

92 709 201 764 visione
229 704 289 773 bei,
317 710 346 761 ct
370 703 437 776 quia
452 706 519 758 sunt
538 708 616 760 extra
642 720 673 759 o-

93 795 186 836 mnem
202 777 288 845 diem,
303 775 673 833 etentraamlntumdirinae

91 849 316 916 misericordiae3
335 847 389 911 rel,
406 846 570 911 exteriores,
592 846 674 903 idest

95 921 270 1004 corporales,
287 928 315 977 et
330 920 457 976 localiter
473 924 551 974 extra
579 919 673 990 ipsum

92 999 209 1066 positas,
227 993 295 1064 quia
317 992 455 1048 habuerat
470 989 498 1044 in
510 997 672 1070 semetipsa,

93 1067 160 1121 dum
175 1064 220 1120 hic
235 1064 352 1131 vireret,
364 1063 496 1118 tenebras
511 1061 672 1130 interiores,

89 1138 117 1192 id
135 1144 177 1193 est
187 1137 335 1193 mentales.
353 1134 488 1191 Tenebrae
506 1132 672 1204 enimigno·

88 1209 192 1265 rantiae
207 1209 312 1265 ducunt
325 1206 360 1263 ad
376 1207 508 1261 tenebras
523 1203 629 1276 culpae;
645 1209 674 1262 et

89 1280 133 1337 hae
148 1281 185 1337 ad
200 1281 331 1336 tenebras
346 1294 454 1351 poenae,
470 1277 560 1344 Unde,
576 1292 674 1332 secun·

89 1354 156 1408 dum
173 1353 344 1421 Gregorium,
369 1349 521 1405 interiores
540 1350 673 1404 tenebras

89 1423 208 1480 dicimus
224 1427 377 1479 caecitatem
394 1419 673 1488 mentis3esteri0res

90 1510 157 1551 vero
173 1494 315 1558 tenebras,
336 1499 472 1548 aeternam
483 1505 485 1508 ⁴
496 1497 606 1547 noctem
621 1491 672 1547 da-

88 1564 253 1622 mnationis.
271 1564 324 1631 Qui
348 1579 416 1633 ergo
444 1578 518 1618 nunc
546 1562 574 1618 in
603 1562 672 1618 vitio

90 1636 215 1708 ligantur
234 1639 344 1716 sponte,
359 1640 424 1689 tunc
444 1632 473 1687 in
488 1632 626 1714 supplicio
642 1633 673 1689 li·

91 1708 233 1778 gabuntur
248 1704 356 1772 invite;
373 1713 401 1759 et
416 1704 513 1776 ligabit
526 1704 564 1761 rbi
575 1720 671 1776 poena,

86 1794 158 1850 quos
190 1776 249 1845 bie,
262 1792 278 1832 a
304 1774 386 1831 bonis
411 1774 556 1847 operibns,
572 1776 672 1858 ligarit

90 1850 181 1920 culpa
194 1850 227 1904 Et
247 1847 313 1919 quid
326 1846 366 1903 ibi
385 1846 547 1916 sustinebit,
565 1864 611 1918 qut
627 1847 673 1903 hic

89 1922 163 1978 bene
189 1920 282 1976 rivere
310 1917 489 1991 contempsit,
517 1919 671 1991 subjungit,

89 1996 186 2050 dicens
202 1994 264 2049 :lbi
276 1995 328 2047 erit
349 1996 437 2061 fletus,
453 1990 561 2047 scilicet
576 1991 671 2048 oculo-

92 2081 166 2132 rum,
182 2080 234 2136 per
258 2064 369 2120 illicitas
384 2063 627 2135 coctcnpiscentias
646 2068 674 2119 et

90 2136 258 2193 inventute
275 2136 372 2191 mundi
387 2134 432 2190 hic
452 2135 674 2216 ragantiun1;et

89 2209 194 2264 stridor
214 2208 349 2273 dentium,
376 2207 402 2260 in
424 2205 562 2261 edacitate
588 2206 673 2261 modo

110 2276 287 2342 audentium,
299 2281 439 2346 quatenus
456 2275 569 2347 singula
585 2293 673 2333 mem·

90 2295 290 2418 {rasurtplicip
306 2348 480 2416 subjaceant,
494 2347 540 2418 qni
558 2347 602 2403 bic
618 2348 675 2403 sin·

91 2419 162 2492 gulis
179 2417 253 2474 vitiis
274 2418 402 2488 subjecta
423 2418 594 2475 serviebant.
611 2419 672 2489 Vel,

92 2493 177 2548 tletus
201 2495 229 2546 et
243 2488 358 2554 stridor,
374 2487 402 2545 id
418 2495 461 2546 est
476 2490 558 2546 dolor
569 2492 674 2547 mentis

92 2570 121 2620 et
135 2560 272 2644 corporis,
290 2562 326 2618 ad
342 2578 405 2632 quae
424 2561 568 2618 reducitur
582 2562 675 2619 omnis

92 2651 177 2708 pruna
192 2633 338 2690 rnl'ernalis
356 2651 362 2688 :
380 2635 463 2689 ssetus
482 2634 589 2691 enlme
614 2635 672 2690 tri-

92 2708 173 2764 stitia
186 2706 354 2778 originatur,
372 2712 401 2760 et
425 2705 530 2761 stridor
547 2706 673 2763 dentium

93 2785 225 2837 causatur
240 2795 257 2835 a
276 2776 425 2834 contrariis
449 2777 552 2846 causis,
568 2778 675 2834 scilicet

93 2851 241 2908 exardere
257 2849 342 2921 ignis,
358 2854 387 2905 et
408 2847 513 2922 trigone
530 2849 672 2919 infernali,

92 2923 168 2980 unde
188 2922 291 2979 dicitur
306 2921 397 2978 inlob
414 2943 421 2978 :
440 2922 485 2976 Ad
498 2923 614 2976 nimium
627 2938 674 2977 eo-

93 2997 176 3051 lorem
192 2994 335 3057 transibit,
355 2993 390 3049 ab
412 2996 495 3064 aquis
510 2996 626 3049 nivium.
642 2995 674 3048 ln

93 3068 161 3123 lletu
191 3066 277 3122 etiam
306 3072 333 3121 et
359 3066 491 3134 stridore,
510 3064 680 3143 magnitudo

93 3143 311 3203 tormentorum,
327 3141 356 3193 et
370 3137 476 3194 doloris
501 3136 676 3193 immensitas

92 3209 279 3280 significatur.
295 3209 344 3264 Vel
370 3213 456 3274 certe,
485 3208 590 3265 stridor
603 3209 676 3265 den-

92 3281 162 3336 tium
177 3281 272 3352 prodit
296 3278 470 3352 indignantis
483 3279 625 3348 allectum,
642 3295 676 3335 eo

93 3351 168 3422 quod
191 3366 255 3406 sero
276 3367 505 3423 unumquemque
528 3351 675 3433 poertitcat,

93 3436 158 3478 sero
177 3422 351 3490 ingemiscat,
370 3439 433 3478 sero
453 3424 505 3477 sibi
526 3431 674 3490 irascatur,

94 3491 168 3563 quod
188 3495 245 3545 tum
260 3490 397 3563 pervicaci
412 3492 593 3563 improbitate
609 3495 677 3549 deli·

94 3560 197 3633 querit.
224 3565 267 3630 m,
286 3561 353 3633 quia
367 3562 396 3617 in
412 3563 539 3619 convivio
555 3564 675 3636 nuptiali

94 3650 151 3690 non
162 3632 285 3697 initium,
301 3634 351 3690 sed
367 3635 432 3691 smis
447 3635 594 3706 quaritur,
608 3653 674 3691 con-

96 3711 247 3776 sequenter
261 3705 373 3776 repulso
390 3724 457 3771 uno,
474 3707 502 3762 in
515 3724 570 3778 quo
591 3723 675 3764 omne

95 3778 235 3835 malorum
246 3794 348 3847 corpus
363 3777 545 3850 imprimitur,
560 3796 676 3850 genera-

96 3851 131 3906 lis
150 3849 300 3917 sententia,
317 3853 345 3904 et
365 3850 507 3919 parabolen
534 3853 675 3908 conclusio

95 3921 217 3979 insertur
238 3940 244 3978 :
261 3923 345 3978 Multi
358 3925 429 3977 enim
443 3926 507 3977 sunt
523 3928 624 3991 vocati,
640 3925 676 3980 ad

96 3995 182 4050 fidem
202 3992 386 4061 catholicam
405 3996 489 4065 graeei
506 4011 568 4050 uero
588 3998 676 4064 electi,

96 4066 132 4122 ad
144 4065 276 4139 glorium,
291 4065 397 4122 scilicet
410 4065 612 4135 comparative,
631 4084 676 4123 re·

96 4147 192 4208 spectu
209 4137 321 4194 illorum
335 4137 384 4209 qui
401 4136 492 4192 rorati
513 4143 577 4193 sunt
592 4139 628 4194 ad
643 4139 677 4193 fi-

96 4209 171 4276 dem,
192 4209 259 4280 quia
281 4209 356 4266 inter
376 4209 478 4266 multos
505 4210 604 4265 fideles
627 4211 677 4266 ha-

96 4280 195 4335 bentes
210 4280 307 4349 sulem,
333 4281 416 4352 pauci
435 4285 500 4337 sunt
523 4280 605 4337 electi
629 4281 677 4353 qui

98 4350 204 4404 babent
217 4350 303 4408 fldem
318 4353 477 4410 formatam.
487 4354 603 4423 Rursus,
618 4369 679 4410 om-

414 380 568 436 seculum
595 382 712 438 rtntls
739 382 841 437 attur
871 383 993 436 XXXIV

728 505 779 545 nes
795 487 925 544 homines
948 491 1098 544 vocantur
1112 484 1151 543 ad
1167 484 1303 556 flden3el

726 560 808 632 pauc-i
822 565 888 617 sunt
910 558 1010 629 electi,
1026 557 1099 630 quia
1113 557 1196 631 pauci
1214 560 1304 618 sunti-

727 632 805 689 deles
827 637 958 704 respectu
985 630 1169 688 infidelium.
1191 631 1253 688 Tale
1274 636 1305 688 est

727 704 803 775 quod
818 704 885 760 dicit
900 721 906 758 :
923 706 987 759 lion
1002 719 1084 759 unus
1100 702 1303 759 tantumdem

727 775 796 831 catis
810 777 917 847 ejectus
930 780 974 831 est
993 775 1032 831 de
1043 774 1172 846 nuptiis,
1184 775 1232 831 sed
1245 774 1307 830 intel

728 846 872 917 ligandum
891 852 936 903 est
959 847 998 903 de
1015 846 1135 914 multis,
1152 844 1220 918 quia
1234 845 1305 916 peril

728 919 786 974 lum
810 918 923 975 unicum
948 918 1134 989 intelligitur
1160 916 1307 974 universitas

728 989 880 1057 malorum,
894 988 942 1061 qni
956 990 1073 1046 babent
1088 989 1246 1047 fidemsioe
1257 1005 1305 1061 ope

727 1061 806 1118 ribus
831 1061 965 1118 caritatis.
982 1064 1070 1130 Nam,
1089 1062 1305 1118 secundundu-

727 1137 879 1201 9ustinum,
900 1134 988 1189 bomo
1005 1133 1057 1189 ille
1079 1136 1133 1206 qui
1150 1133 1215 1190 inde
1229 1134 1305 1213 proie-

727 1210 788 1261 ctus
801 1210 854 1273 est,
870 1221 928 1260 non
943 1221 1035 1261 unum
1051 1204 1209 1262 hominem
1220 1203 1305 1275 sigub

728 1279 783 1344 cat,
799 1276 848 1332 sed
864 1279 979 1341 multos,
991 1276 1062 1348 quia
1079 1275 1132 1332 ille
1148 1290 1305 1343 unuscorpus

728 1349 867 1404 malorum
881 1353 934 1406 est.
951 1348 1034 1404 Unde
1044 1347 1120 1404 alibi
1138 1347 1240 1404 dicitur
1251 1348 1303 1402 :ln-

728 1424 756 1474 tu
770 1425 810 1475 est
824 1423 871 1475 viu
895 1436 955 1490 quae
971 1420 1052 1476 ducit
1066 1421 1108 1475 ad
1129 1419 1303 1491 perditionem

727 1496 752 1546 et
777 1493 860 1547 multe
887 1497 952 1547 suat
979 1494 1032 1561 qui
1051 1492 1254 1561 ingrediebatur
1269 1504 1303 1560 ps

727 1578 785 1618 eam
796 1583 805 1631 ς
819 1568 844 1618 et
859 1569 937 1619 arcta
944 1569 985 1618 est
997 1566 1046 1618 aiu
1062 1580 1128 1634 quae
1139 1564 1219 1618 ducit
1231 1560 1266 1615 ud
1275 1562 1303 1615 tel

725 1640 792 1701 tum,
808 1639 834 1690 et
849 1637 933 1706 pauci
944 1640 1009 1690 sunt
1021 1638 1076 1705 qui
1091 1637 1238 1690 inveniunt
1248 1647 1303 1688 eun-

727 1708 761 1761 m
776 1707 830 1762 hoc
847 1706 968 1762 multum
983 1705 1110 1763 deberet
1131 1722 1186 1763 nos
1199 1711 1301 1760 terrere.

727 1783 755 1833 et
769 1778 805 1834 ad
826 1777 1016 1834 humilitatem
1040 1792 1176 1845 morere,
1196 1774 1304 1848 quises

728 1849 809 1906 nobis
828 1848 980 1919 incertum,
998 1855 1099 1906 utrum
1116 1849 1208 1905 simus
1223 1847 1256 1903 de
1269 1844 1305 1901 illo

729 1936 814 1989 parvo
843 1936 961 1978 numero
989 1922 1153 1978 electorum
1175 1934 1228 1975 nec
1250 1932 1305 1997 non

729 1994 806 2048 Unde
822 1993 862 2049 ait
877 1994 1037 2063 Gregorius:
1053 1995 1174 2049 «Tanto
1188 1989 1306 2060 ergostbt

727 2063 921 2135 uuusquisque
947 2070 1066 2134 metuat,
1089 2064 1161 2121 etin
1175 2059 1306 2119 humilitu·
1347 2104 1349 2111 .

727 2140 755 2191 te
775 2151 805 2191 se
820 2135 971 2207 deprimat,
984 2142 1092 2207 quanto
1109 2135 1132 2192 si
1155 2134 1195 2191 sit
1211 2134 1304 2190 electus

727 2206 852 2277 ignorat,
872 2207 949 2278 quia,
978 2207 1055 2279 quod
1070 2223 1150 2279 saepe
1167 2205 1307 2263 dicendum

728 2285 782 2345 est,
803 2284 830 2333 et
849 2277 909 2336 sine
933 2278 1078 2335 oblivione
1107 2277 1305 2335 retinendum:

728 2352 812 2405 Metti
826 2355 891 2406 sunt
903 2354 1006 2422 vocati,
1016 2353 1105 2423 pauci
1118 2368 1187 2408 uera
1202 2350 1306 2406 electu·

728 2422 790 2477 haec
807 2422 965 2490 Gregorius.

764 2495 901 2565 7anrus
926 2511 959 2549 ar
981 2511 1097 2550 snnrnon
1126 2510 1248 2554 neurim
1272 2514 1306 2553 sa-

729 2582 804 2620 rnus
826 2583 854 2621 m
880 2567 1037 2622 Evnuonmo
1059 2583 1219 2624 nneunrcn.
1238 2570 1308 2624 -nt

729 2637 887 2693 notandum
898 2640 973 2709 quod
988 2639 1041 2694 boc
1055 2639 1183 2695 verbum
1199 2642 1307 2697 :lbierit

728 2712 807 2778 [tetus
830 2714 856 2764 et
877 2711 982 2765 stridor
1005 2711 1145 2779 dentium,
1163 2713 1193 2767 in
1211 2719 1306 2784 septen

729 2781 798 2836 locis
813 2781 958 2852 Evangelii
975 2782 1091 2852 legitur,
1104 2789 1135 2837 et
1150 2782 1207 2839 hoc
1219 2789 1307 2853 contra

729 2854 915 2923 septemvilla
927 2852 1049 2909 manime
1062 2853 1261 2925 praelatorom,
1270 2870 1307 2911 se·

730 2925 855 2979 cundum
870 2925 946 2994 quod
965 2926 1072 2995 ubique
1091 2923 1121 2980 in
1144 2923 1306 2996 praecedenti

730 2995 826 3051 littera
846 2995 976 3051 redditur
994 3012 1089 3052 causa.
1112 2996 1214 3054 Prima
1233 3010 1306 3054 causa

730 3072 782 3135 est,
794 3070 928 3137 quoniam
945 3067 1018 3124 male
1034 3066 1229 3138 intraverunt,
1242 3067 1305 3125 scili·

731 3144 775 3194 cet
782 3153 834 3209 per
846 3154 1008 3207 nummum,
1021 3154 1079 3195 non
1093 3155 1146 3209 per
1159 3142 1306 3212 Deum,per

731 3209 926 3279 cupiditatem,
937 3225 994 3266 non
1006 3227 1057 3282 per
1070 3212 1233 3281 caritatem,
1242 3209 1306 3268 uode

730 3282 835 3338 dicitur
847 3282 909 3337 bic:
922 3282 1059 3347 Quomodo
1071 3283 1123 3338 buc
1136 3286 1251 3339 intrasti
1260 3296 1306 3338 nott

731 3355 833 3408 babens
856 3359 955 3409 uestem
979 3354 1161 3425 nuptialem?
1176 3362 1205 3412 et
1226 3353 1306 3425 sequi·

730 3432 794 3481 tur:
806 3426 850 3480 lbi
861 3428 913 3480 erit
928 3427 1007 3493 ueras
1020 3431 1046 3480 et
1060 3427 1169 3481 stridor
1183 3428 1304 3482 dentium.

730 3498 869 3563 Secunda,
879 3495 946 3567 qcria
957 3496 1031 3552 male
1044 3497 1186 3565 vixerunt,
1197 3514 1252 3554 non
1263 3494 1306 3552 sie

729 3574 762 3624 ut
777 3573 916 3640 pastores,
932 3568 982 3623 scd
997 3567 1069 3625 sicut
1085 3573 1246 3640 praedones,
1259 3580 1306 3623 non

729 3641 803 3696 sieut
817 3639 1013 3710 Episcopi,sed
1028 3640 1101 3696 sicut
1114 3641 1305 3711 epicurelmn·

731 3712 766 3768 de
778 3710 907 3781 saprade
918 3727 1024 3781 sagena
1037 3710 1157 3768 dicitur:
1170 3714 1257 3769 Malos
1266 3726 1305 3765 ou

732 3789 784 3837 tem
796 3785 874 3851 foras
888 3785 1032 3848 eniserunt,
1054 3788 1083 3838 ct
1102 3788 1232 3855 sequitur
1247 3800 1254 3838 ι
1272 3780 1307 3838 lbi

732 3858 784 3909 erit
797 3857 877 3924 {letus
894 3859 920 3909 et
933 3855 1037 3910 stridor
1054 3855 1192 3912 dentium.
1211 3855 1306 3918 Tertia,

731 3924 797 3997 quia
812 3928 884 3982 alios
898 3926 1173 3995 scandalizaverunt,
1190 3924 1305 3983 sicutla·

732 3999 773 4068 pis
785 3999 879 4054 subito
892 4013 1044 4054 occurrens
1056 3996 1133 4068 pedi,
1145 3999 1212 4055 iacit
1224 3997 1304 4065 ipsun

732 4066 871 4139 cespilare
885 4074 913 4125 et
931 4069 1088 4138 offendere,
1110 4072 1188 4127 uncle
1214 4067 1306 4125 dicitur

732 4139 1304 4212 supra:Etcolligentderegnoejtcsomniu

732 4213 875 4278 seandala,
889 4220 917 4269 et
926 4213 1056 4283 sequitur
1067 4230 1074 4269 ε
1087 4214 1132 4271 lbi
1141 4217 1195 4269 erit
1203 4208 1305 4283 pluet

734 4283 839 4339 stridor
854 4285 987 4340 dentium.
1005 4286 1122 4355 Quarta,
1138 4286 1205 4357 quia
1219 4284 1247 4340 in
1260 4282 1302 4336 do·

735 4354 824 4412 sendo
848 4361 877 4413 et
899 4356 1026 4428 regendo
1048 4355 1163 4415 inutiles
1192 4352 1300 4416 luerunt
