2820 4928
131 362 165 419 id
500 362 657 417 SECUNDAE
684 361 804 419 stills
832 362 934 416 uleus
961 361 994 415 ll

134 469 227 529 solum
259 470 327 529 lecit
359 470 438 542 quod
469 471 564 532 tacere
595 474 717 531 tenetur.

134 543 400 615 Quantumcumque
415 544 501 601 etiam
517 542 720 617 perfectionem

133 613 269 696 attingas,
287 630 400 687 semper
427 616 534 674 sentias
561 621 590 672 et
615 614 719 673 dicas:

133 686 253 743 Domine
271 703 360 756 meus,
375 689 442 745 lesu
458 687 578 755 Christe,
592 686 663 744 nihil
677 703 722 745 ve-

133 756 190 826 leo,
200 761 229 814 et
243 760 315 815 mate
330 758 380 817 tibi
395 760 498 817 servio.
512 762 573 817 Non
585 760 722 819 debemus

133 845 202 901 ergo
220 846 355 903 umquam
369 847 387 888 n
402 832 479 890 bono
494 847 581 904 opere
593 847 720 899 cessare;

133 905 283 963 ettamen
309 906 401 960 totum
430 903 564 961 meritum
591 908 720 963 nostrum

132 972 321 1044 insufficiens,
339 981 470 1047 respectu
485 974 624 1033 merc-edis
638 980 721 1034 aster·

132 1060 189 1112 ute,
209 1050 351 1119 reputare.
379 1047 460 1103 Unde
481 1047 647 1106 scaturisse:
667 1047 722 1117 Qui

133 1122 245 1176 coronat
259 1123 285 1175 te
298 1121 329 1174 in
341 1120 533 1177 misericordie
544 1125 571 1175 et
584 1122 721 1181 miserati·

133 1190 239 1247 onibus.
258 1192 321 1247 Non
334 1188 385 1260 ait,
400 1189 430 1249 iu
445 1191 555 1249 moritis
569 1196 597 1249 et
613 1190 641 1248 in
656 1206 720 1262 ope·

131 1259 211 1318 ribus
237 1261 301 1330 tuis,
321 1261 399 1335 quio,
419 1263 499 1333 cujus
526 1262 721 1321 misericordia

132 1333 333 1405 praevenimur,
343 1340 374 1392 ut
388 1334 534 1393 humiliter
546 1337 604 1392 Deo
617 1333 721 1391 servia·

131 1419 214 1471 mus3
242 1406 305 1477 ejus
334 1421 452 1463 munere
481 1421 665 1472 coronamur,
689 1409 720 1463 ul

133 1475 293 1533 sublimiter
301 1491 365 1532 cum
376 1476 425 1533 illo
436 1492 599 1548 regnemus.
611 1478 645 1533 Et
655 1475 719 1534 ideo

132 1562 196 1603 cum
209 1546 305 1605 omnia
319 1547 481 1616 fecerimus,
492 1554 655 1618 reputemus
667 1563 720 1605 nos

132 1632 233 1689 parum
248 1621 298 1677 aut
313 1617 385 1673 nibil
400 1618 500 1675 secisse
520 1618 651 1686 Delmino,
669 1635 720 1675 re-

132 1694 231 1760 spectu
252 1689 401 1754 mercedis,
420 1706 505 1762 quam
525 1694 721 1762 exspectamus

132 1761 169 1817 ub
178 1760 430 1819 eo.Undedicebat
439 1763 538 1822 beatus
546 1765 718 1832 mauriscos,

132 1831 219 1889 etiam
231 1841 296 1905 post
306 1833 412 1891 multos
422 1837 451 1890 et
461 1849 580 1906 magnos
589 1834 717 1893 labores:

134 1927 147 1957 ι
164 1904 718 1977 Fratres,incipiamusservireDomino,

130 1975 297 2105 {nisusque
306 1993 382 2034 nunc
393 1993 492 2051 parurn
504 1977 685 2051 proiecimus.
702 1999 717 2029 n

154 2054 165 2107 t
184 2046 219 2119 si,
236 2048 387 2122 praeceptis
403 2049 539 2122 impleus,
557 2066 610 2107 nos
625 2048 718 2108 humi-

131 2120 203 2179 liare
217 2122 365 2187 debemus,
380 2128 486 2194 quanto
502 2122 592 2192 meqis
604 2137 667 2179 eum
683 2122 718 2179 de

130 2190 188 2249 illis
205 2193 293 2251 multa
311 2191 513 2250 omiserimus?
529 2192 557 2249 Si
576 2195 651 2249 enim
669 2191 719 2249 iu-

130 2262 208 2320 utilis
221 2270 265 2320 est
282 2280 392 2333 servus,
410 2263 458 2335 qui
478 2263 574 2322 omnia
588 2264 717 2338 perfecit,

131 2333 719 2408 quiddeillndlcendomquicalacerede·

131 2405 244 2479 spexit?
263 2409 343 2465 Unde
361 2408 526 2465 Ambrosius
543 2428 552 2465 ε
571 2428 585 2463 o
603 2411 663 2466 lt'on
689 2414 717 2465 te

128 2479 230 2552 jactes,
249 2479 273 2536 si
291 2479 364 2537 bene
383 2478 510 2548 servisti3
531 2481 598 2552 quia
623 2480 717 2554 lacere

130 2550 263 2609 debuisti.
277 2550 452 2622 obsequitur
467 2552 521 2620 sol,
539 2553 717 2625 obtemperat

130 2621 209 2689 luna,
225 2621 351 2679 serviunt
373 2622 482 2694 Angeli.
506 2626 562 2681 Vos
584 2623 715 2681 Gentium

88 2704 90 2708 ’
130 2692 237 2751 electus
252 2710 269 2751 a
282 2694 403 2752 Domino
420 2712 427 2751 z
444 2698 505 2754 Non
519 2712 597 2764 sum,
612 2694 715 2768 lnquit,

129 2764 232 2834 diosus
246 2770 340 2823 securi
353 2769 520 2837 Apostolum
537 2771 604 2839 qnia
618 2783 716 2839 perse-

130 2842 280 2895 cutussum
290 2841 442 2896 Ecclesium
452 2839 714 2908 lleiliemdeolibi,

129 2909 233 2968 nullius
244 2927 275 2967 se
287 2911 441 2969 ostendens
453 2911 599 2970 conscium
613 2912 714 2981 eulpae,

129 2982 244 3054 subjicit
257 2987 355 3041 tamen
372 3002 378 3042 :
393 2983 449 3041 Sed
462 3001 516 3041 non
532 2988 563 3042 in
575 2986 624 3041 boe
633 2984 715 3054 ,iusti-

128 3056 227 3179 ficatos
241 3072 311 3112 sum.
327 3057 361 3112 Et
375 3072 429 3112 nos
444 3072 511 3127 ergo
527 3073 584 3112 oon
601 3056 715 3113 anobis

140 3124 227 3181 audes
257 3125 422 3195 exigamus,
454 3143 490 3183 ne
517 3126 716 3199 preripiemus

126 3194 716 3267 judiciumDei,ctprmveniemussenteo·

129 3265 198 3322 bem
219 3265 343 3333 iudicis3
360 3269 409 3323 sed
430 3283 481 3324 suo
503 3274 642 3340 ternpore,
665 3284 716 3324 suo

126 3336 235 3409 judicio
244 3353 436 3395 resurremus:
446 3360 459 3389 n
469 3340 530 3396 lime
542 3339 715 3397 Ambrosius.

165 3414 181 3465 5
198 3410 352 3465 Psmcunuu
370 3428 417 3465 sss
434 3427 550 3467 onsnuus
565 3428 592 3468 tn
611 3428 717 3468 vscuuu

128 3484 428 3538 sensusne—Bonum
438 3488 480 3539 est
496 3482 592 3554 itaque
605 3498 718 3555 semper

128 3550 159 3609 in
175 3553 276 3609 timore
291 3561 377 3622 stare,
394 3559 423 3611 et
437 3553 507 3610 nibil
521 3555 600 3612 dese
614 3571 719 3628 praesu-

129 3640 228 3693 mere;
258 3640 328 3696 quui
357 3630 618 3699 quantumcumque
645 3628 717 3685 bene

130 3696 194 3767 quis
214 3696 345 3754 servierit
374 3714 381 3754 ε
409 3701 502 3757 Nescit
530 3706 620 3756 tomen
639 3702 717 3756 tomo

129 3775 223 3825 utrum
234 3770 307 3833 odio,
319 3787 356 3825 on
367 3786 459 3825 amore
468 3771 624 3839 ttiqnussit.
638 3774 717 3828 Unde

128 3841 288 3898 Rernurdus
303 3860 312 3896 s
329 3841 526 3899 «inveritate
544 3843 628 3900 didici
646 3842 716 3900 nibil

129 3928 211 3986 oeque
227 3912 326 3969 cilicas
341 3928 404 3969 esse
417 3913 454 3969 ad
469 3915 589 3985 gratiam
607 3931 719 3986 prome-

129 3986 260 4053 rendam,
275 3985 466 4052 retinoudem,
479 3988 717 4059 recuperandam,

129 4057 259 4126 quamsi
284 4056 361 4114 omui
386 4063 514 4129 ternpore
535 4075 633 4115 corant
660 4061 717 4116 lien

130 4128 287 4209 inveniaris
314 4146 372 4187 nou
401 4129 492 4187 allum
522 4146 640 4202 sapere,
668 4130 718 4188 sed

130 4203 232 4258 timere
249 4221 256 4260 :
271 4206 372 4260 Rectus
384 4205 472 4265 tremo,
490 4205 540 4273 qui
556 4219 663 4275 semper
680 4209 719 4260 est

128 4274 261 4343 pauidus.
277 4277 304 4331 Si
318 4275 399 4332 adest
412 4273 514 4346 gralia,
529 4273 598 4331 time
610 4292 647 4332 ne
661 4292 717 4332 non

133 4342 220 4416 digne
231 4346 359 4418 opereris
372 4362 406 4406 ex
417 4363 462 4407 ea.
478 4346 506 4405 si
519 4349 666 4408 subtracta
676 4353 721 4407 est

775 469 879 543 qratia,
901 467 981 539 time,
1004 468 1072 541 quia
1092 469 1209 542 reliquit
1228 476 1256 528 te
1275 470 1369 532 virtus

775 548 825 600 tua
840 546 867 599 et
881 541 1019 599 custodia.
1033 540 1061 597 Si
1072 557 1187 599 reversa
1202 550 1246 600 est
1260 545 1367 616 gratia,

776 613 855 684 time,
878 629 915 670 ne
939 613 1010 669 iorle
1035 613 1183 696 contingat
1207 616 1367 674 recidivum

775 685 845 815 Rati,
861 690 890 742 et
907 686 1074 757 contingant
1093 685 1144 742 tilu
1163 686 1332 746 deteriora:
1350 711 1364 739 n

796 774 836 815 aee
861 759 1029 815 bernardus.
1059 758 1137 814 Unde
1164 764 1193 814 et
1212 761 1367 831 Apostolus

775 829 906 887 bortatur
920 846 971 887 nos
989 845 995 885 :
1011 833 1052 888 Ne
1067 832 1096 886 in
1110 845 1226 887 nocuum
1242 835 1367 900 qratiam

774 904 825 959 Dei
838 903 990 972 recipiatis.
1008 901 1057 958 lile
1077 900 1152 957 enim
1169 902 1291 972 gratiam
1314 904 1365 961 liei

774 972 804 1031 in
823 988 944 1030 vacuum
967 972 1079 1044 recipit,
1104 971 1151 1043 qui
1172 990 1203 1030 se
1225 973 1254 1030 in
1281 974 1367 1033 bonis

775 1045 908 1119 operibus
922 1061 977 1101 nou
996 1050 1126 1111 exercet,
1145 1047 1219 1101 unde
1238 1045 1262 1102 si
1284 1047 1365 1104 solu·

774 1133 837 1173 mus
853 1116 929 1188 quod
950 1116 1043 1187 gratia
1067 1115 1117 1173 liei
1143 1115 1172 1172 in
1197 1116 1283 1174 nubis
1306 1134 1366 1176 non

773 1193 922 1247 remaneat
941 1204 1040 1256 vacua,
1059 1204 1176 1245 necesse
1195 1194 1286 1245 estut
1302 1206 1367 1248 eam

775 1261 859 1317 bonis
874 1258 1008 1331 operibus
1026 1265 1053 1316 et
1070 1258 1204 1317 virtuosis
1224 1261 1368 1319 exercitiis

776 1331 946 1399 nutriamus,
963 1336 991 1387 et
1008 1347 1095 1387 nosa
1116 1330 1191 1387 vitiis
1214 1333 1367 1391 custodio-

776 1419 847 1460 mus.
875 1405 1016 1460 Debemus
1043 1402 1129 1459 etium
1156 1402 1186 1459 in
1215 1408 1368 1476 praeceptis

775 1474 837 1543 Dei,
852 1480 880 1531 et
902 1475 930 1531 in
953 1473 1084 1531 omnibus
1105 1474 1237 1547 operibus
1258 1476 1368 1533 nostris

775 1546 934 1616 attendere,
946 1562 1003 1602 non
1013 1546 1105 1601 solum
1123 1551 1152 1601 ul
1165 1562 1199 1602 ea
1213 1546 1365 1618 iaciamus,

775 1617 919 1675 sedetiam
932 1623 962 1675 ut
975 1617 1176 1675 sesecundum
1187 1618 1365 1677 voluntatem

775 1689 825 1747 Ilei
850 1689 1015 1761 dirigamus.
1034 1691 1113 1746 Unde
1134 1692 1257 1746 brisitius
1282 1691 1366 1764 ponit

774 1763 936 1834 exemplum
947 1763 982 1819 de
999 1762 1078 1818 labro
1091 1760 1214 1818 iaciente
1228 1762 1364 1831 securim,

774 1834 817 1889 sel
831 1834 967 1905 quiddam
978 1832 1067 1899 aliud,
1077 1832 1125 1902 <qui
1139 1849 1253 1905 semper
1266 1834 1366 1891 memi-

775 1903 818 1961 nit
834 1904 960 1977 ejusqui
981 1905 1102 1977 iniunxit
1122 1922 1203 1975 optus,
1218 1910 1246 1961 et
1260 1906 1366 1963 retinet

773 1974 804 2035 in
821 1977 906 2034 corde
921 1993 972 2035 suo
988 1977 1069 2048 cuins
1084 1976 1303 2059 magnitudinis,
1319 1978 1364 2034 vel

814 2048 929 2118 abietis,
946 2049 990 2106 vel
1015 2054 1113 2105 t'ormae
1137 2048 1185 2105 ille
1208 2048 1365 2119 injunxerit

796 2120 837 2177 eri
851 2119 990 2188 securimq
1008 2128 1037 2176 et
1054 2120 1082 2176 in
1098 2119 1168 2178 iliud
1183 2136 1297 2191 semper
1312 2120 1364 2177 in-

773 2192 894 2249 tendens
909 2193 984 2264 quod
999 2191 1052 2249 sibi
1066 2191 1196 2249 meminit
1212 2209 1228 2248 a
1244 2192 1363 2249 domino

773 2266 868 2336 operis
883 2266 1050 2347 injunctum,
1065 2265 1100 2321 ed
1120 2266 1174 2320 buc
1188 2263 1287 2335 dirigit
1301 2280 1363 2321 ma·

774 2351 861 2392 nuum
881 2335 1080 2404 ministerium,
1103 2340 1132 2391 ut
1156 2336 1249 2392 lorme
1268 2336 1364 2408 operis

773 2423 837 2463 cum
847 2408 908 2478 ejus
919 2407 966 2479 qui
977 2406 1102 2480 injunxit
1114 2406 1209 2463 animo
1222 2411 1251 2463 et
1263 2407 1363 2464 volun·

772 2484 830 2536 tate
849 2478 1007 2537 conveniat.
1030 2478 1085 2549 Sic,
1110 2486 1139 2535 et
1161 2494 1224 2543 uos,
1246 2494 1363 2537 omnem

772 2555 905 2608 conatum
919 2556 949 2608 et
963 2567 1048 2608 omne
1065 2549 1190 2607 studium
1204 2549 1363 2607 inertibus

771 2622 876 2679 nostris
887 2624 993 2679 babere
1005 2623 1151 2690 debemus,
1161 2627 1191 2677 ut
1203 2622 1362 2679 seeundum

771 2694 946 2751 voluntatem
972 2693 1032 2762 Dei,
1057 2693 1104 2766 qui
1130 2709 1201 2765 opus
1226 2692 1360 2763 iniunxit,

771 2764 1066 2836 nostrumdirigamus
1081 2781 1163 2837 opns;
1179 2769 1206 2822 et
1222 2770 1289 2821 lunc
1299 2771 1361 2836 pot·

771 2838 878 2895 erimus
890 2837 1009 2909 impiere
1027 2836 1097 2894 illud
1112 2835 1191 2893 l’auli
1207 2836 1335 2907 Apostoli
1352 2853 1359 2892 ι

770 2911 835 2968 Sice
862 2911 1048 2973 manducetis,
1079 2911 1137 2964 siue
1166 2909 1273 2971 bibitis,
1304 2911 1362 2965 siue

770 2983 851 3038 aliud
870 2982 939 3053 quid
956 2984 1062 3050 fucitis,
1077 2982 1170 3037 omniu
1187 2983 1218 3035 in
1242 2981 1361 3049 plectant

770 3056 821 3111 Dei
833 3057 928 3123 facite.

807 3126 904 3184 liCun
931 3142 1022 3188 selom
1044 3142 1174 3180 oenones
1198 3140 1226 3182 ut
1250 3140 1358 3179 sernum

771 3214 879 3254 rinnon
898 3215 930 3253 nr
945 3214 1079 3253 onsrrose
1093 3214 1157 3252 ssim
1173 3195 1312 3252 sossensi
1330 3224 1362 3237 -

773 3271 806 3325 Et
828 3268 924 3326 subdit
950 3268 1096 3337 Dominus,
1113 3270 1361 3338 oslcntleus'quo·

773 3341 857 3397 modo
878 3340 1048 3413 protervitas
1068 3339 1175 3396 diaboli
1198 3342 1360 3410 superetur,

773 3418 802 3469 et
816 3412 884 3469 dicit
900 3431 907 3469 ε
924 3416 979 3469 ilco
993 3430 1077 3481 penus
1094 3410 1316 3473 daemoniorum,
1332 3410 1361 3467 in

774 3483 874 3556 spiritu
904 3490 933 3540 et
960 3500 1046 3540 carne
1075 3483 1176 3549 simul,
1206 3482 1363 3539 seeundum

774 3571 889 3613 causam
915 3556 1088 3624 redientem,
1110 3555 1194 3627 quale
1216 3571 1305 3626 supra
1324 3553 1363 3609 di-

774 3634 850 3685 ctum
864 3633 917 3696 est,
927 3631 956 3685 in
966 3631 1052 3692 nitito,
1062 3627 1211 3700 potestatis
1223 3625 1362 3694 remedio,

773 3699 802 3756 id
829 3704 873 3756 est
901 3699 930 3756 in
957 3700 1034 3757 nullu
1069 3705 1226 3771 potestate,
1256 3697 1363 3754 scilicet

774 3771 980 3841 ministrorum,
1003 3777 1092 3843 potest
1110 3775 1201 3831 conire,
1226 3769 1267 3825 ita
1285 3767 1361 3851 quod

773 3860 829 3900 nou
854 3844 958 3900 habeat
981 3848 1150 3916 potestatem
1174 3842 1201 3897 iu
1225 3841 1361 3909 homme,

773 3918 830 3971 nisi
855 3919 884 3971 in
910 3920 1048 3983 oratione,
1073 3931 1136 3986 quac
1160 3916 1240 3970 curat
1266 3917 1360 3984 pestes

774 3985 901 4059 spiritus,
913 3993 938 4043 et
949 3987 1068 4057 jejunio,
1081 3986 1158 4057 quod
1171 3988 1251 4041 curat
1265 3989 1361 4055 pestes

773 4059 917 4132 corporis;
935 4075 997 4130 quen
1013 4058 1118 4115 scilicet
1135 4055 1225 4113 oratio
1243 4057 1360 4136 eluieju·

773 4131 852 4189 nium
870 4137 936 4186 sunt
951 4131 1069 4186 ellectus
1084 4128 1150 4185 fidei
1165 4130 1313 4189 lervenlts,
1328 4142 1361 4183 ee

793 4220 826 4260 cr
840 4201 987 4258 caritatem
1007 4202 1136 4258 lormatae
1156 4205 1184 4257 ct
1203 4196 1359 4271 operantis.

774 4220 855 4332 finde
884 4273 997 4330 ridetur
1022 4274 1097 4344 quod
1128 4289 1160 4329 ss
1188 4270 1307 4343 crapula
1333 4273 1363 4325 et

775 4345 914 4405 ebrietate
932 4346 1064 4405 morbum
1082 4344 1163 4403 illum
1181 4341 1358 4401 incurrisset.
