2820 4928
501 373 656 429 SRCIYNDAE
684 375 800 431 Ptttls
827 375 931 428 ttulit
959 374 976 425 i'

671 560 800 619 osstmo

97 730 101 741 '
158 732 277 791 Domine
294 735 363 791 iesu
387 731 510 803 Christe,
530 731 577 805 qui
593 748 646 791 nos
660 731 851 790 humilitatem
869 731 957 790 uerbo
979 737 1008 788 et
1025 732 1153 803 exemplo
1170 734 1306 806 docuisti,
1323 737 1358 794 da

125 804 194 863 mibi
208 809 241 862 ut
251 819 408 877 numquam
422 804 491 873 alta,
505 805 555 863 sed
569 821 682 879 oemper
698 803 817 861 humilia
831 804 867 860 de
882 819 938 871 me,
954 802 1040 860 eorde
1053 804 1186 875 sentium,
1200 823 1252 865 ore
1270 809 1359 879 prole-

25 932 28 937 .
124 892 198 947 ram,
209 881 238 933 et
248 892 335 950 opere
347 876 505 934 ostendam.
523 876 606 946 Eripe
621 892 666 933 me
681 881 709 932 et
722 875 832 932 custodi
846 874 1007 948 amalignis
1019 875 1176 946 spiritibus,
1192 885 1221 934 et
1235 879 1358 937 defende

125 949 162 1006 ab
182 948 312 1005 omnibus
335 946 457 1006 inimicis
476 947 633 1006 visibilibus
653 950 682 1005 et
695 946 899 1018 invisibilibus3
915 952 944 1006 et
963 953 1068 1020 praesta
1088 948 1201 1018 mihi,o
1227 951 1359 1009 Salvator

125 1035 206 1077 meus
220 1024 249 1077 ct
263 1021 338 1078 Deus
352 1035 442 1091 meus,
458 1024 489 1076 ut
501 1019 618 1094 jejuniis
632 1025 662 1077 et
675 1018 854 1077 orationibus
873 1018 1076 1077 conuenienter
1090 1018 1227 1090 intentus,
1243 1031 1360 1081 cunctas

124 1089 337 1149 immundorum
347 1090 546 1163 spirituum,et
556 1107 707 1164 pravorum
719 1090 868 1149 hominum
878 1091 1051 1148 tentationes
1061 1091 1182 1162 valeam,
1190 1097 1218 1149 te
1226 1094 1360 1164 jurante,

126 1178 273 1234 superare,
288 1168 316 1220 et
330 1163 367 1220 ab
378 1163 508 1221 hostibus
523 1162 628 1221 mentis
640 1167 669 1221 et
683 1161 811 1236 eorporis
825 1179 950 1233 merear,
963 1168 992 1221 te
1006 1162 1171 1231 miseraute,
1185 1162 1317 1233 liberari,
1331 1174 1359 1223 et

129 1249 243 1307 semper
255 1235 351 1292 salvus
363 1250 434 1293 esse.
450 1238 552 1297 Amen.

652 1567 790 1642 CAPUT
812 1568 840 1639 V

129 1796 167 1842 tt!
184 1796 314 1843 autunto
332 1797 386 1844 etto
401 1796 517 1842 noaino
538 1798 576 1843 ΕΤ
591 1798 686 1845 PETRO
702 1797 827 1856 soture,
845 1798 883 1842 ΕΤ
897 1797 936 1840 Dii
952 1795 1127 1850 commotis
1141 1796 1362 1843 DUCIPULORU!

528 1896 622 1944 SUPER
638 1898 826 1946 montrera
842 1896 955 1944 EORUH.

336 2075 462 2134 Matthaei
475 2092 537 2150 cap.
552 2078 635 2150 xvu,
654 2078 741 2136 Marci
755 2093 819 2152 cap.
832 2078 867 2135 lx
881 2075 1013 2157 etLucm
1030 2091 1091 2147 cap.
1110 2076 1156 2133 tx.

170 2315 180 2350 ι
206 2295 339 2351 Cnmsrus
367 2294 519 2350 drosroms
539 2308 628 2349 nanno
648 2294 717 2349 Pas·
766 2307 901 2348 ammones
914 2290 1111 2360 istos,scilicet
1124 2288 1173 2362 qui
1186 2294 1360 2361 sequuntur,

131 2382 231 2421 sionna
256 2382 289 2420 cr
318 2380 555 2421 nasunnncrroueu
578 2381 716 2420 ruentem.
767 2364 803 2421 de
830 2379 894 2421 mea
923 2363 1058 2420 Passieno
1083 2367 1111 2418 et
1128 2359 1359 2428 resurrectione,

129 2467 165 2478 -
176 2440 240 2493 Post
252 2439 307 2493 bac
320 2442 410 2492 eutem
423 2435 584 2491 ambulabat
596 2438 675 2492 testo
688 2439 719 2491 in
768 2434 835 2506 quia
859 2451 958 2492 eorum
983 2431 1145 2491 recordatio
1170 2437 1199 2489 et
1218 2431 1361 2489 memoria

130 2508 273 2565 deliteam
285 2525 292 2563 :
305 2511 383 2578 quio,
396 2523 430 2563 en
443 2505 489 2563 his
504 2522 566 2576 quae
582 2507 719 2564 Dominus
767 2507 845 2564 utilis
864 2511 907 2563 est
928 2507 1019 2563 valde.
1041 2508 1130 2562 Filias
1149 2508 1222 2560 enim
1240 2507 1361 2559 bominis

130 2583 228 2651 egerat
240 2583 268 2636 et
282 2579 393 2636 dixerat
403 2576 433 2633 in
447 2577 615 2645 Jerusalem,
630 2579 720 2635 Jooaet
766 2581 894 2647 futurum
915 2583 965 2643 est,
980 2583 1011 2633 ut
1036 2578 1177 2644 trudatur,
1194 2575 1304 2632 scilieet
1320 2591 1328 2630 ι
1344 2589 1362 2631 a

131 2650 291 2722 querebant
304 2667 363 2706 eum
376 2649 507 2717 occidere,
519 2647 658 2706 ideoante
670 2651 720 2706 Pa·
769 2649 864 2718 Patre,
881 2664 933 2722 per
952 2649 1100 2706 caritatem
1120 2647 1255 2715 nimiam3
1275 2661 1294 2703 a
1311 2662 1362 2702 se-

130 2723 199 2778 scba
213 2738 267 2778 non
286 2722 393 2778 volebat
409 2723 440 2776 in
455 2721 578 2777 Judaeom
593 2722 719 2777 ambulo·
768 2720 778 2776 i
799 2736 841 2789 so,
874 2737 905 2777 er
915 2719 1110 2777 obedientiam
1121 2717 1361 2785 voluntariam3a

129 2810 183 2851 re:
199 2792 268 2865 quia
282 2793 411 2850 nondum
428 2792 500 2849 hore
514 2793 576 2874 ejus
589 2797 719 2862 venerat,
769 2736 894 2863 diabolo,
915 2808 967 2864 per
986 2791 1198 2874 suggestionem
1214 2789 1359 2872 iniquam,

128 2871 157 2922 et
170 2871 202 2923 ut
215 2865 380 2923 ostenderet
394 2864 471 2936 quod
486 2863 640 2935 aliquando
652 2879 717 2946 per·
768 2863 880 2933 eluda,
893 2879 946 2936 per
958 2863 1142 2936 cupiditatem
1157 2876 1327 2927 mammam3
1337 2875 1359 2942 'a

129 2937 303 2995 secutionem
329 2938 359 2994 lu
381 2952 429 2994 erc
456 2935 565 2993 licitum
585 2935 718 2992 fidelibus
767 2934 885 3005 iudaeis,
901 2950 952 3008 per
967 2934 1103 2991 invidiam
1118 2933 1264 3001 dolosam3
1281 2932 1358 2989 aP1·

129 3009 188 3065 suis
205 3015 281 3066 essct
311 2954 391 3067 chle
408 3010 583 3077 depastione
600 3025 607 3065 ε
627 3029 642 3060 «
656 3008 718 3065 Non
768 3006 836 3074 lato,
848 3022 901 3079 per
912 3005 1177 3079 pusillanimitatem
1191 3002 1358 3061 indebitam.

128 3080 292 3153 perdiderat
312 3084 492 3152 potestatem,
516 3079 567 3136 sed
591 3084 718 3136 nostram
767 3081 858 3136 Filius
876 3095 940 3147 erpo
955 3080 1074 3134 bombos
1094 3075 1250 3133 tradendus
1265 3080 1316 3139 est,
1331 3077 1360 3129 iu

129 3151 331 3207 consolabatur
358 3150 553 3221 fragilitatem.
582 3152 719 3206 Futurum
768 3165 868 3207 monus
890 3151 1041 3218 bominum,
1063 3147 1155 3205 idest
1179 3147 1359 3203 diversarum

130 3219 207 3277 enim
217 3226 288 3286 erat,
301 3225 332 3277 ut
341 3220 445 3292 aliquis
455 3220 550 3278 tidelis
559 3236 590 3277 se
602 3221 720 3277 abscon·
771 3220 920 3279 nationum
942 3220 1024 3292 quasi
1044 3217 1210 3277 humanitus
1230 3217 1360 3274 sentien-

129 3291 222 3359 deret,
233 3296 262 3346 et
274 3290 339 3347 ideo
356 3291 503 3363 praeceseit
517 3291 547 3347 in
563 3291 666 3363 eapite,
683 3306 719 3348 ne
769 3292 851 3361 tium,
863 3291 970 3349 scilicet
984 3291 1149 3348 iudaeorum
1164 3296 1192 3346 et
1208 3288 1358 3355 Gentium,

130 3363 261 3444 membra
276 3368 378 3489 postea
401 3361 575 3433 objiceretur
592 3378 644 3446 pro
664 3364 720 3419 cri·
769 3369 798 3421 et
808 3363 986 3421 diversorum
1001 3368 1137 3430 statuum,
1147 3360 1214 3433 quia
1226 3360 1361 3427 militum,

131 3448 218 3490 mine.
240 3454 255 3483 »
289 3450 308 3489 n
334 3432 452 3490 Galilaea
472 3433 567 3505 igitur,
591 3451 621 3491 rn
642 3437 720 3491 terra
768 3450 882 3506 regum,
897 3434 1069 3506 principum,
1085 3433 1278 3500 sacerdotum,
1293 3429 1362 3488 reli·

129 3503 180 3561 ubi
201 3510 262 3561 erat
281 3510 435 3578 conceptus
453 3512 483 3561 et
502 3504 637 3574 nutritus,
653 3521 719 3562 con·
769 3506 926 3580 giosorum,
944 3511 973 3562 et
989 3505 1170 3589 populorum.
1186 3507 1223 3560 Et
1239 3503 1362 3560 occident

130 3576 298 3633 versabatur
323 3592 386 3633 cum
413 3575 559 3648 discipulis
578 3580 648 3635 suis.
670 3578 719 3646 Et,
769 3594 830 3634 eum
845 3597 854 3634 s
869 3593 973 3651 magna
987 3577 1125 3649 ruiquitas
1140 3574 1216 3646 quod
1229 3572 1362 3630 homines

130 3647 289 3729 seeundum
300 3649 530 3718 chrysostomum,
541 3665 577 3705 ne
587 3647 720 3723 discipuli
770 3650 901 3706 occidant
927 3649 1073 3706 hominem
1104 3645 1303 3705 salvatoremi
1329 3646 1361 3702 Et

132 3718 262 3775 dicerent
277 3736 284 3775 :
301 3720 362 3787 Qua
376 3719 411 3776 de
428 3736 514 3777 causa
527 3720 660 3777 continue
674 3719 721 3777 hic
769 3736 817 3788 ne,
826 3721 872 3778 his
884 3721 999 3791 auditis,
1010 3719 1127 3777 tristitie
1140 3719 1361 3783 absorbeantur,

134 3805 347 3873 conversamur,
365 3807 464 3848 rursus
477 3792 512 3849 de
530 3791 664 3849 Passione
679 3791 720 3848 cis
770 3792 941 3864 subjungit:
958 3796 994 3849 nt
1013 3795 1096 3848 tertio
1120 3793 1165 3846 die
1179 3794 1316 3858 reserpet,
1331 3792 1363 3844 ut

134 3861 270 3944 loquitur,
281 3867 322 3929 ut,
333 3861 414 3935 quasi
428 3862 532 3920 assueti
547 3864 623 3921 circa
635 3879 721 3934 nego·
769 3863 899 3921 tristibus
910 3864 976 3921 laeta
986 3863 1151 3936 succedant
1158 3865 1194 3918 Et
1204 3861 1365 3917 contristati

135 3939 206 3991 trum
234 3933 335 3991 mortis
365 3932 485 4003 Christi,
516 3934 624 4004 minus,
657 3951 721 3992 cum
769 3942 834 3992 eunt
857 3938 1037 4004 veliementer,
1063 3933 1129 4006 quia
1153 3934 1215 4005 ejus
1239 3930 1362 3988 societas

133 4005 261 4074 venerit,
293 4005 562 4064 scandalizarentur.
594 4009 627 4062 Et
656 4022 722 4063 eum
769 4005 811 4064 ita
825 4013 887 4064 erat
902 4007 944 4064 eis
959 4006 1049 4063 duleis
1064 4010 1092 4062 et
1105 4009 1198 4075 grata,
1233 4003 1363 4060 uodnon

135 4083 228 4135 morte
241 4093 293 4135 sua
303 4077 389 4134 ctiam
399 4077 530 4151 praedixit
540 4094 621 4134 suam
631 4092 724 4134 resun-
770 4076 1217 4143 estmirumsieontristatisunt,
1249 4073 1364 4130 assione

135 4149 303 4218 rectionem,
314 4166 350 4206 ne
364 4149 393 4207 in
409 4148 545 4206 Passione
555 4151 617 4221 ejus
631 4148 723 4205 incur·
771 4151 833 4223 ejus
846 4149 953 4208 audita.
964 4152 999 4206 Ut
1011 4148 1088 4206 enim
1103 4147 1143 4204 ait
1157 4149 1363 4218 Hieronymus:

134 4225 232 4276 rerent
250 4221 490 4295 desperationem.
508 4220 598 4288 Unde,
616 4236 724 4276 eonver-
773 4241 784 4273 ι
804 4224 859 4278 Pro
869 4221 1027 4278 dilectione
1042 4218 1181 4292 Magistri,
1193 4217 1266 4273 nibil
1281 4216 1318 4273 de
1331 4230 1365 4272 eo

135 4293 262 4349 sontibus
289 4297 328 4350 eta
355 4296 385 4350 tn
414 4294 550 4360 (totilae,
569 4293 646 4349 dicit
664 4294 724 4347 ittis
772 4293 919 4350 sinistrum
940 4298 968 4349 et
987 4291 1094 4350 humile
1115 4293 1265 4364 patiuntur
1283 4286 1366 4346 eudi-

137 4362 217 4419 Jesus
231 4381 240 4421 ε
255 4365 351 4422 Ponite
368 4380 417 4422 voa
433 4368 465 4423 ia
484 4365 611 4423 cordibus
625 4366 724 4434 ommis
772 4379 814 4422 re.
831 4384 846 4416 s
865 4367 902 4422 nt
920 4366 1079 4421 contristati
1096 4367 1164 4419 auat
1183 4362 1365 4429 vehementer,
