2820 4928
91 350 138 407 tui
394 345 565 402 stublon
593 346 715 402 utatis
742 345 844 400 eleut
872 341 1035 397 xxxiiii.

95 476 165 515 tirus.
177 456 228 514 Ubi
241 456 446 537 chrysostomus
462 469 469 510 ι
487 451 676 508 «vosautem

96 530 184 587 nolite
210 543 302 585 vocart
328 522 439 590 Rabbi;
466 539 502 578 ne
522 524 596 594 ᾳιιιιιΙ
619 524 675 579 Deo

93 601 213 660 debetur
241 600 317 655 vobis
334 594 523 667 praesumatis.
545 593 634 651 Nolite
649 599 677 651 el

91 673 163 731 alios
181 686 284 727 uocare
300 667 407 734 nabun
426 683 460 722 ne
475 665 601 722 divinum
617 668 675 722 bo-

92 757 191 801 norem
211 740 373 798 bominibus
384 738 528 795 deseratis.
543 741 620 795 Unus
633 743 676 794 est

92 815 169 873 enim
193 813 328 881 Magister
352 811 490 877 omnium,
508 810 554 880 qui
577 826 676 866 omncs

91 885 259 943 naturaliter
274 887 365 941 docet.
387 885 420 939 Et
453 889 561 953 patrem
589 882 675 939 nolite

94 974 195 1016 vorare
211 956 291 1015 vobis
306 972 391 1039 super
405 961 521 1012 terram.
544 955 591 1024 uui
620 970 676 1010 nnn

90 1031 159 1089 estis
172 1030 223 1087 lilii
245 1038 362 1085 terrem.
387 1029 423 1083 Et
441 1043 474 1082 eo
499 1024 573 1083 enim
590 1025 674 1082 ‹etele-

90 1108 160 1159 stom
178 1109 204 1159 te
218 1103 361 1170 protessus
381 1115 410 1156 es
426 1099 530 1155 babere
551 1099 674 1165 Putrem,

93 1191 198 1246 exque
215 1176 327 1231 Patrem
344 1172 393 1228 libi
412 1170 519 1227 vorasti
535 1170 570 1226 de
592 1169 674 1240 etelo,

91 1246 212 1303 dicens:
231 1249 421 1308 Puternoster,
438 1246 527 1314 quies
546 1246 575 1297 in
590 1245 673 1298 eutis.

90 1319 129 1374 Ex
144 1334 199 1389 quo
215 1326 309 1375 utitem
324 1316 465 1372 celestem
487 1319 515 1370 le
529 1314 676 1387 protessus

90 1406 122 1447 es
140 1391 244 1446 babere
267 1386 538 1455 ratrem,i·0ra11do
560 1388 675 1442 Patrem

93 1463 192 1521 Deum.
209 1469 291 1532 turpe
314 1465 400 1516 estut
416 1457 519 1514 ilerum
539 1465 566 1514 te
588 1458 674 1526 proli-

90 1537 175 1590 tearis
189 1539 344 1598 terrenum,
361 1529 411 1585 tibi
425 1535 533 1601 pdrem
549 1530 676 1585 vorando

91 1621 176 1675 super
193 1611 309 1659 terram.
328 1601 521 1656 obliturum:
537 1622 551 1650 o
569 1602 607 1656 Ne
623 1616 674 1656 vo·

93 1675 163 1731 cetis
178 1681 284 1744 tratrem
301 1673 328 1728 in
344 1677 432 1737 terro,
449 1687 503 1727 nou
529 1676 559 1727 ut
582 1672 676 1728 deho-

98 1762 180 1803 nores
200 1762 259 1810 eos,
280 1743 374 1815 quite
395 1749 565 1814 geniwrunt,
582 1743 631 1799 sed
647 1749 677 1800 ut

95 1817 228 1874 omnibus
243 1815 297 1872 illis
312 1831 464 1896 praeponas
482 1831 547 1871 euin
573 1814 619 1885 qui
648 1821 676 1870 te

97 1889 172 1957 lecit,
193 1895 278 1961 alque
299 1885 442 1959 ittscripsil
463 1893 490 1942 le
508 1887 585 1944 inter
602 1886 675 1942 illios

95 1977 185 2020 suos:
205 1983 219 2013 n
250 1964 310 2017 bane
338 1963 554 2028 chrysostomus.
579 1959 676 2015 Omnes

91 2041 182 2090 aulem
201 2049 248 2089 eos
264 2037 366 2099 tratres
383 2036 458 2099 estis,
479 2030 608 2102 quintilli
628 2029 674 2086 liei

95 2121 145 2178 per
168 2106 352 2173 creationem,
378 2111 406 2160 el
426 2103 524 2175 gratie
551 2101 679 2169 adoptio·

94 2194 170 2243 uem,
181 2177 216 2233 ad
228 2193 310 2233 utiam
325 2175 412 2230 rurali
421 2177 488 2230 bere
500 2174 617 2242 diat-m,
627 2173 678 2230 sci-

94 2249 160 2304 lieet
173 2248 207 2304 ad
222 2263 339 2316 reginum
356 2246 501 2301 coelorum.
518 2247 677 2302 Secundum

94 2322 300 2385 Hieronymum,
322 2332 422 2372 omnes
442 2315 593 2372 christiani
620 2317 676 2372 irn-

94 2394 151 2448 lres
168 2395 305 2445 vorantur
329 2387 509 2457 specialiter,
533 2397 560 2443 et
578 2405 677 2444 omnes

93 2461 233 2529 homines,
257 2477 290 2517 eit
318 2476 374 2517 uuo
404 2461 486 2515 Patre
517 2461 574 2517 Deo
606 2459 676 2527 nati,

89 2533 288 2591 communiter.
315 2534 375 2589 Non
394 2532 485 2588 solum
500 2538 595 2589 autom
620 2535 676 2589 Dn-

95 2606 186 2662 miuus
203 2605 339 2667 primatus
356 2621 458 2677 cupere
469 2607 610 2676 probibet.
626 2604 676 2660 sed

90 2678 127 2735 ad
153 2677 326 2734 contrarium
367 2677 525 2733 auditorem
552 2676 674 2742 inituim

93 2750 177 2821 unde,
191 2749 264 2807 utin
278 2764 405 2806 amorem
416 2747 581 2805 humilitatis
596 2747 677 2804 disci·

731 450 813 523 pulos
827 448 923 519 clueat,
948 445 1124 505 ostendens
1144 447 1265 509 tormen
1279 450 1326 510 bu-

732 519 872 591 utilitatis,
897 519 1085 592 subjungit:
1114 521 1174 589 Qui
1197 525 1281 594 maior
1297 532 1327 582 αι

731 600 867 659 uestrum,
894 592 940 649 rel
970 592 1080 650 merito
1111 594 1327 665 sanctitatis‚ml

731 665 827 722 officio
853 662 1017 735 dignitatis.
1033 668 1092 721 erit
1113 672 1144 721 el
1160 667 1199 723 sit
1220 672 1328 725 minister

733 750 838 805 uester,
861 744 889 793 el
903 735 975 792 alios
997 738 1168 808 praemnlat
1187 741 1330 811 obsequen

732 810 780 877 do,
804 825 860 865 non
876 809 999 873 superbe
1015 808 1216 872 dominando.
1227 819 1330 883 paratus

730 879 876 937 adoinoia
893 878 1088 947 bumditalis,
1113 897 1208 940 secun
1220 890 1276 941 tum
1288 885 1329 941 de·

730 952 853 1009 centiam
871 951 913 1008 sui
930 957 1041 1016 slatus;
1055 955 1140 1010 unde
1156 960 1185 1011 et
1203 956 1278 1028 Papa
1290 972 1329 1013 ro

731 1031 776 1081 cot
790 1040 821 1081 se
849 1039 961 1080 servum
995 1040 1156 1082 servornm
1182 1027 1237 1084 Dei
1264 1030 1329 1086 Bene

731 1096 942 1222 arentibusper
956 1095 1161 1154 bumilitatem
1172 1098 1214 1155 sit
1228 1115 1327 1167 soetus;

731 1174 831 1225 eontra
856 1168 891 1224 de
904 1168 1059 1239 innuentes
1083 1169 1150 1226 zelo
1165 1171 1327 1238 justiliesit

732 1250 853 1297 erectus.
869 1240 922 1307 Oui
936 1247 1031 1295 eutem
1057 1244 1326 1311 sternumenta
1355 1296 1358 1301 .

732 1309 866 1384 praesenti
892 1326 943 1383 per
957 1310 1126 1369 elationem
1141 1318 1173 1370 et
1199 1331 1326 1388 arrogan-

732 1383 812 1452 liam,
841 1383 1049 1451 humiliabitur,
1088 1384 1121 1440 in
1151 1387 1262 1453 futuro,
1286 1403 1325 1460 per

733 1454 859 1513 dauinati
873 1469 946 1511 »nem
973 1461 1001 1510 ct
1023 1471 1169 1526 poenam;
1201 1465 1229 1514 et
1244 1464 1292 1530 qui
1303 1475 1325 1515 u

733 1530 933 1593 humiliaverit,
949 1525 976 1581 iu
991 1529 1145 1600 praesenti,
1159 1546 1226 1588 non
1241 1530 1325 1603 nequi·

733 1606 777 1659 ter
792 1600 839 1655 sed
858 1597 1009 1664 veraciter,
1029 1602 1232 1670 ennltubt'tur,
1252 1603 1277 1659 iu
1292 1603 1324 1658 lu·

733 1677 798 1729 tura
814 1669 906 1743 gloria
922 1667 1105 1727 mirabiliter.
1123 1674 1158 1728 tet
1173 1674 1324 1731 notandum

733 1744 809 1826 quod
830 1747 947 1869 ριοῖιιοι
962 1741 1107 1813 triplicem
1129 1746 1259 1816 gradum
1274 1748 1324 1802 bu·

733 1820 861 1872 militatis
906 1830 939 1870 oc
955 1816 1076 1871 verbum
1100 1822 1146 1872 tet·
1172 1817 1322 1890 poniturin

732 1885 901 1953 Evanuelio‚
915 1884 1022 1941 scilicet
1039 1902 1047 1941 ι
1070 1902 1177 1959 supra,
1202 1889 1250 1946 ubi
1266 1905 1324 1946 rno-

732 1965 780 2014 uel
794 1967 824 2015 ut
837 1956 946 2013 invitali
971 1960 1141 2015 recumbunt
1164 1960 1196 2017 in
1215 1960 1324 2017 norissi-

734 2045 779 2085 mo
796 2032 875 2098 lucrm
897 2035 925 2085 et
945 2029 1060 2092 iterum.
1080 2032 1115 2085 tle
1137 2031 1324 2090 Phariscoel

733 2101 889 2157 Publicano
919 2100 1071 2158 orantibus
1097 2101 1126 2159 in
1150 2105 1278 2177 templo:
1299 2112 1325 2162 et

732 2171 816 2230 tertio
838 2172 869 2228 in
894 2175 947 2229 bon
966 2173 1038 2228 loeo.
1055 2174 1104 2228 Est
1130 2190 1212 2232 ennn
1229 2176 1323 2259 triplex

732 2244 888 2312 humidius,
913 2244 1046 2300 scilieet:
1066 2245 1180 2317 cordis,
1195 2254 1323 2320 opertsel

731 2317 899 2388 oris,qnam
926 2315 981 2371 tria
1009 2316 1142 2373 nutriunt
1163 2323 1193 2375 et
1226 2326 1324 2376 custo·

732 2388 812 2444 diunt
832 2408 839 2442 :
857 2403 977 2460 primum
1011 2387 1171 2446 assiduitas
1190 2391 1323 2448 cordinis

732 2459 927 2528 subiectionis,
944 2475 1030 2531 quam
1046 2476 1104 2516 uon
1118 2462 1225 2520 habuit
1243 2464 1324 2521 Luci-

733 2534 775 2588 ler
787 2550 793 2598 ;
806 2532 972 2598 secundam,
985 2531 1194 2592 consideratio
1204 2536 1323 2608 propria

734 2603 904 2674 tragilitatis,
916 2619 1002 2675 quam
1018 2618 1076 2660 non
1098 2606 1205 2663 babuit
1219 2608 1321 2673 ddam;

733 2681 857 2743 tertiam,
875 2676 1036 2747 benignitas
1062 2677 1223 2751 orationis,
1241 2695 1322 2753 quatu

735 2762 792 2804 non
803 2747 918 2805 babebit
933 2747 1136 2808 Antichristus.

645 2904 773 2963 ORATIO

126 3040 243 3098 Domine
254 3041 321 3098 Jesu
337 3039 445 3097 Christe
457 3039 513 3111 pie,
531 3037 612 3095 nitier
627 3054 643 3094 a
657 3053 702 3095 me
718 3037 858 3095 detortum
869 3037 952 3095 bonae
966 3036 1154 3110 operationis,
1169 3046 1203 3098 nt
1211 3056 1320 3099 merear

93 3113 167 3171 bona
188 3130 244 3170 non
263 3113 352 3169 solum
369 3113 471 3169 docere
486 3117 514 3166 et
532 3111 637 3173 dicere,
655 3110 806 3167 sedetiam
823 3110 925 3173 lucere.
945 3114 973 3166 et
992 3109 1127 3182 operibus
1147 3112 1316 3186 adimplere;

95 3202 206 3243 remove
221 3201 238 3241 a
254 3201 298 3241 me
314 3183 509 3241 austeritatem
534 3199 567 3239 ae
588 3182 795 3250 crudelitatem,
815 3197 849 3237 tte
869 3181 989 3253 grandia
1001 3182 1140 3251 jubendo,
1169 3191 1198 3241 el
1213 3185 1318 3241 minora

94 3274 148 3313 non
167 3256 305 3323 iaciendo,
322 3273 365 3312 nte
382 3257 508 3312 relevare
525 3255 664 3312 videncet
680 3253 751 3311 alios
763 3269 892 3335 onerare.
903 3253 1022 3335 [include
1040 3270 1057 3311 a
1071 3269 1117 3312 me
1131 3258 1255 3337 gloriam
1266 3256 1318 3312 ina·

95 3344 157 3384 nem
174 3335 202 3383 et
217 3328 447 3395 ostentationem,
466 3343 500 3383 ne
517 3342 605 3399 opera
628 3343 691 3383 mea
705 3333 735 3383 ul
752 3328 788 3383 ab
804 3326 964 3383 bominibus
976 3325 1074 3382 videor
1090 3331 1204 3392 laetam,
1216 3335 1245 3384 ot
1260 3327 1317 3399 gio·

95 3397 167 3455 riom
179 3400 332 3455 bernadum
350 3416 377 3454 ιιι
401 3399 442 3454 eis
460 3415 515 3454 non
533 3414 668 3469 quarum.
683 3398 789 3469 Elonga
807 3397 925 3454 etiamn
946 3413 991 3454 me
1004 3398 1172 3455 ambitionis
1189 3406 1217 3457 et
1231 3397 1315 3456 laudis

87 3470 230 3531 allectum.
247 3485 280 3524 ne
297 3469 387 3540 prima
403 3472 464 3525 loca
484 3475 512 3525 ot
539 3469 726 3527 salutationes
742 3485 846 3537 amem,
868 3470 910 3526 vel
938 3470 1066 3541 magistri
1091 3486 1208 3536 nomen.
1228 3475 1259 3529 ut
1275 3485 1314 3527 me

89 3543 129 3599 sie
146 3539 298 3597 humilians
310 3539 339 3597 in
353 3542 405 3598 hoe
420 3540 528 3609 seculo,
546 3556 687 3598 mereare
702 3547 730 3599 te
743 3541 859 3599 exaltari
870 3540 900 3597 in
916 3541 1021 3599 futuro.
1038 3544 1139 3600 Amen.

528 3833 666 3906 eitrtit
699 3830 868 3904 xxxviii

449 4017 558 4069 ouibus
573 4018 712 4062 nepertia
728 4017 773 4064 vm
789 4015 952 4061 narrabunt.

543 4132 666 4191 ttattbaei
686 4148 747 4206 cop.
773 4132 867 4188 litii.

130 4338 139 4373 ι
156 4316 203 4372 Vn
218 4330 349 4370 urrunnu
366 4331 416 4372 eun
429 4332 521 4372 octies
537 4311 675 4371 rostruui

94 4416 128 4429 -
144 4388 211 4444 Post
237 4389 297 4442 bae
313 4385 460 4458 Dominus,
478 4386 525 4460 qui
554 4385 620 4458 Legi
647 4387 675 4441 et

729 4307 878 4382 preceptis
904 4306 1077 4382 evangelicis
1113 4309 1313 4371 obedientibus

732 4384 780 4438 dnt
808 4379 1032 4454 benedictiones,
1062 4381 1132 4455 ipsis
1161 4378 1269 4443 Scribis
1285 4385 1324 4483 et·
