2820 4928
402 452 442 511 DE
469 452 623 512 lettard
650 458 788 516 CHRISTI
815 459 956 518 tuntum.

55 558 108 617 bus
124 559 208 616 semel
219 561 304 629 mori;
317 563 356 630 et,
367 562 522 620 secundum
535 564 652 635 aposto

54 631 116 689 lum
128 633 354 703 :Omnesqur'dem
362 644 651 709 resurqemus,etergo

55 720 158 761 omnes
173 704 341 761 moriemur.
357 708 393 762 Ut
408 706 483 763 enim
498 710 537 764 ait
551 711 648 778 dequ-

55 780 166 845 att'mrs,
192 776 248 832 erit
273 779 445 835 resurrectio
473 785 650 837 mortuorum

55 848 183 905 omnium
192 848 352 917 hominum,
366 851 415 907 sed
427 851 649 922 unaetinsimul;

56 936 117 977 non
139 920 232 992 prima
248 922 403 994 justorum,
423 928 452 979 et
471 930 649 994 peccatorum

56 994 197 1051 secunda.

93 1066 217 1133 dSosus
236 1082 312 1121 ress
337 1083 533 1131 consonuimus
548 1085 647 1125 nesun-

59 1154 167 1195 necaro.
183 1168 218 1179 -
239 1141 275 1195 m
295 1142 373 1208 tunc,
391 1138 499 1196 scilicet
515 1146 581 1196 ante
603 1157 647 1197 re·

56 1208 267 1267 surrectionem
282 1226 472 1275 communem,
489 1216 579 1267 mittet
592 1214 649 1269 An-

58 1283 135 1352 qclos
160 1297 225 1337 suos
242 1298 302 1337 cum
320 1284 387 1337 tabo
409 1290 434 1338 et
456 1300 518 1339 rece
535 1301 647 1353 mopere,

55 1353 87 1410 id
103 1357 146 1409 est
160 1357 219 1410 tam
235 1358 335 1425 aperta
350 1361 379 1411 et
394 1360 451 1410 tarn
470 1355 582 1411 intensa
599 1373 647 1412 vo·

56 1441 102 1494 ce,
124 1441 186 1497 quae
213 1442 230 1482 a
246 1425 367 1482 mortuis
383 1427 516 1483 audiatur
530 1426 645 1499 ubique.

56 1496 138 1555 Unde
153 1501 295 1567 Remiqius
332 1518 364 1554 :a
386 1501 450 1554 llaec
465 1507 561 1555 autern
579 1501 647 1556 tuba

56 1585 116 1626 non
132 1585 234 1626 revera
246 1586 383 1642 corporea
392 1575 436 1627 est
449 1570 644 1643 intelligenda,

55 1640 109 1699 sed
132 1641 262 1713 angelica
281 1658 343 1711 vox,
367 1658 430 1714 quae
454 1643 526 1698 adeo
542 1659 647 1714 magna

54 1711 124 1782 erit,
140 1720 172 1769 ut
199 1712 236 1768 ad
264 1713 419 1770 clamorem
443 1713 519 1770 illius
545 1731 644 1771 omncs

54 1783 165 1843 mortui
179 1784 310 1841 deterreo
325 1785 442 1857 pulvere
456 1793 645 1858 consurgant;

54 1856 114 1923 rel,
128 1857 197 1913 tuba
211 1861 254 1912 cst
266 1862 389 1927 potestas
399 1857 551 1915 suscitandi
568 1874 645 1914 mor·

55 1934 136 1997 tuos,
149 1933 178 1984 et
192 1944 256 1996 ror,
271 1933 314 1984 est
326 1945 378 1985 ror
400 1930 503 1985 tibrrsti
520 1929 647 1986 vocantis

56 2007 191 2057 mortuos
209 2001 245 2056 ad
263 2001 412 2071 judicium,
434 2017 466 2056 ex
487 2002 566 2073 eujus
593 2002 647 2057 cir·

56 2078 121 2129 tnte
141 2072 366 2139 suscitabuntur,
387 2077 415 2127 et
444 2077 473 2128 ut
492 2072 521 2129 in
539 2072 647 2145 judicio

58 2144 121 2200 sint
140 2160 248 2201 omnes,
277 2166 288 2195 ι
313 2146 365 2200 Ubi
381 2146 611 2213 Climpsostomus:
633 2166 647 2198 a

57 2218 135 2275 Vere
155 2231 258 2287 inagna
272 2232 324 2271 ror
339 2217 415 2272 tubae
429 2216 585 2272 terribilis:
602 2216 648 2274 rui

57 2286 159 2345 omnia
178 2288 336 2345 obaudiunt
350 2287 501 2356 elementa,
518 2305 580 2359 quae
597 2305 647 2360 pe·

58 2366 123 2417 tras
134 2358 247 2427 scindit,
264 2359 370 2415 interos
385 2360 487 2432 aperit,
503 2362 649 2417 clausuras

58 2433 246 2489 tenebrarum
261 2431 425 2502 pertransit,
443 2437 540 2503 portas
559 2448 649 2489 aereas

60 2503 207 2571 conterit,
229 2509 323 2559 vectes
348 2503 548 2559 adamantinos
581 2520 648 2559 con-

63 2574 175 2647 fringit.
196 2574 308 2631 vinculo
331 2577 432 2630 mortis
447 2574 594 2647 dirumpit,
621 2581 649 2631 ct

61 2647 99 2705 (le
116 2647 255 2718 protunda
273 2646 366 2719 abyssi
388 2646 497 2703 animas
514 2646 649 2704 liberatas

61 2718 230 2792 corporibus
245 2718 382 2789 assignat.
404 2721 469 2774 llaec
492 2721 588 2775 ornnia
607 2718 649 2775 ci-

60 2790 120 2849 tius
142 2797 320 2847 consummat
338 2789 366 2845 in
388 2807 485 2861 opere,
507 2807 592 2861 quam
607 2807 650 2848 sa·

61 2862 136 2937 gitta
159 2862 261 2919 transit
286 2861 315 2917 in
343 2878 419 2932 aere,
441 2862 552 2918 dicente
578 2866 650 2935 Apo·

61 2935 161 2992 stolo:
182 2938 214 2990 ln
228 2939 371 3001 momento,
387 2938 417 2990 in
434 2937 490 2990 ictu
517 2936 598 3001 ocuti,
620 2938 649 2990 tn

61 3009 216 3063 novissima
238 3008 323 3073 tehen
342 3011 419 3062 canet
440 3009 511 3061 carim
530 3007 606 3075 tuba,
623 3010 650 3062 et

61 3080 168 3135 mortui
189 3084 332 3147 rcsurqeat
354 3080 516 3148 incompti.
546 3079 577 3132 ln
601 3077 649 3133 illa

62 3166 133 3207 voce
149 3148 241 3221 pulris
253 3151 313 3222 jarn
329 3148 484 3206 dissolutus
497 3165 648 3219 corporum

61 3227 255 3290 mortuorum,
282 3220 313 3277 in
333 3236 405 3277 nora
432 3221 562 3277 membra
585 3237 649 3277 con·

59 3294 232 3365 stringitur:
263 3292 293 3348 iri
318 3292 368 3349 illa
390 3308 458 3349 voce
487 3291 568 3363 quasi
593 3309 649 3348 una

59 3380 185 3439 persona
204 3364 326 3421 obnoxia
336 3369 428 3421 toturn
442 3379 520 3420 nrare
535 3362 649 3420 discuti-

58 3442 119 3506 tur,
132 3442 164 3492 ut
177 3435 202 3492 si
218 3436 285 3507 quid
296 3436 371 3511 apud
384 3453 415 3492 se
430 3435 534 3492 retinet
545 3436 579 3492 de
593 3437 648 3493 bu-

57 3507 158 3567 manis
183 3508 306 3577 ossibus,
339 3508 399 3564 sine
424 3507 648 3565 contradictione

56 3579 195 3637 restituat
207 3597 214 3634 :
224 3600 238 3631 »
247 3580 308 3636 haec
319 3581 533 3649 chrysostomus.
543 3583 579 3636 Et
589 3598 649 3636 cott-

57 3650 218 3723 qreqaham
232 3651 334 3723 Angcli
349 3654 386 3708 ad
400 3652 537 3723 judiciuin
553 3654 649 3708 eleetos

62 3725 127 3795 ejus
153 3722 314 3794 specialiter
337 3740 355 3778 a
382 3727 613 3794 quatuorcentis,
631 3742 649 3778 a

60 3798 181 3853 summis
189 3796 316 3851 coelerum
325 3812 409 3858 usquc
421 3797 457 3851 oct
469 3797 598 3850 terminos
608 3810 649 3850 eo·

59 3884 136 3935 rum,
146 3865 174 3922 id
189 3876 232 3923 est
244 3868 279 3924 ab
291 3865 431 3924 universis
445 3865 608 3937 regionibus
620 3871 648 3922 et

60 3938 144 4006 locis,
153 3940 182 3995 in
194 3938 297 4011 quibus
309 3938 515 4011 putrefactione
530 3936 648 3994 resoluti

60 4010 648 4079 sunt,nttritrcumventilatumdeareato·

61 4080 119 4139 tius
132 4088 217 4140 terres
228 4088 256 4139 et
266 4082 354 4151 orbis,
367 4085 412 4154 qui
424 4082 585 4155 specialiter
595 4083 647 4137 ad-

63 4154 202 4212 ducentur
215 4154 373 4211 ministeria
387 4155 569 4225 Angelorum,
581 4152 647 4225 qnia

63 4233 145 4283 erunt
159 4226 290 4285 concives
301 4243 409 4283 eorum.
423 4228 456 4282 Et
469 4243 525 4283 non
542 4225 645 4293 solum,

65 4300 242 4373 congregabo
247 4299 389 4356 uteleetos
400 4313 644 4370 quoramcorpora

64 4366 148 4442 leria3
166 4370 321 4430 sedetiam
347 4372 493 4442 reprobos,
511 4369 560 4453 qui
575 4384 644 4451 cor-

65 4454 133 4511 pora
141 4442 469 4517 ponderosahabebunt,
477 4448 505 4501 et
515 4442 579 4499 ideo
592 4456 643 4499 sic·

1245 461 1291 519 ii5

705 567 1289 695 utdnfelusllabacuc,slceosportabunt.

705 639 760 695 Sed
773 656 788 695 e
800 646 878 696 ectos
888 642 1099 714 congregabunt
1112 644 1146 698 ad
1157 642 1288 715 gloriam.

705 712 842 781 reprobos
859 713 894 768 ad
914 714 1145 783 damnationem3
1163 721 1190 771 ct
1209 713 1291 772 electi

705 789 857 840 occurrent
883 784 1002 840 bomine
1026 785 1061 841 ad
1081 785 1221 857 judicium
1242 804 1292 844 re·

705 854 805 923 nienti,
821 855 936 929 reprobi
959 872 1025 913 vero
1047 857 1172 927 venient,
1191 859 1241 915 sed
1263 859 1293 917 in

704 942 809 998 magna
823 927 967 997 distantia,
981 937 1012 984 nt
1026 928 1066 985 ait
1077 933 1230 998 llemt'qius.
1246 934 1291 996 Et,

704 999 858 1055 secundum
875 1002 1104 1070 chrysostomum,
1129 1002 1221 1074 primo
1246 1020 1292 1060 re·

703 1080 832 1142 surgent,
855 1076 883 1127 et
902 1072 1084 1129 resuscitatos
1103 1072 1204 1145 Angeli
1224 1090 1292 1131 con-

703 1143 879 1212 gregabunt,
905 1149 1094 1215 congregatos
1120 1151 1216 1202 autem
1243 1162 1291 1203 ra·

702 1213 781 1285 pient
797 1215 897 1282 nubes,
913 1220 941 1271 et
957 1215 1126 1273 haecomnia
1139 1216 1168 1273 in
1180 1215 1290 1274 instan-

703 1284 722 1339 ti
739 1294 883 1343 momento
899 1285 978 1342 tient.
997 1290 1027 1343 ln
1046 1288 1119 1344 vaire
1134 1295 1229 1345 autem
1244 1291 1291 1345 lo·

702 1360 818 1428 sapiat,
841 1356 948 1414 scilieet
975 1358 1005 1414 in
1030 1376 1096 1416 aere
1117 1359 1290 1429 pollicebitur

702 1428 795 1484 omnis
815 1430 911 1497 bonae,
930 1432 995 1501 quia
1018 1430 1116 1501 judicii
1135 1431 1288 1489 discrimen

702 1500 755 1555 erit
770 1500 798 1556 in
814 1517 891 1569 aere,
903 1501 1015 1557 dicente
1027 1502 1162 1574 Apostolo
1178 1520 1184 1559 :
1198 1504 1289 1561 ¹timul

701 1575 842 1643 rapiemur
851 1590 910 1628 cam
924 1575 1024 1628 illisio
1037 1575 1166 1645 trabibus,
1180 1576 1289 1631 obuium

702 1646 809 1699 Christo
826 1648 855 1699 io
872 1661 948 1700 acro.
966 1645 1004 1701 De
1024 1645 1077 1701 liae
1100 1645 1146 1701 die
1161 1645 1201 1701 sic
1219 1645 1288 1703 dicit

702 1717 928 1783 Chrpsmtomtes:
944 1737 957 1769 tt
974 1719 1033 1772 Heu
1050 1718 1118 1774 mihi
1133 1718 1168 1773 de
1180 1717 1228 1774 illa
1242 1718 1288 1776 die

701 1786 833 1851 terribili,
844 1804 907 1843 curn
917 1789 1029 1844 deceret
1044 1805 1096 1844 nos
1108 1788 1210 1857 laetari,
1222 1806 1287 1847 cum

702 1860 763 1915 brec
776 1858 935 1925 audiamus,
949 1860 1000 1914 sed
1012 1860 1141 1917 dolemus
1155 1866 1182 1917 et
1195 1860 1290 1917 tristes

702 1930 818 1987 sumnsl
835 1929 971 1997 Qualibus
986 1947 1053 2001 erga
1069 1931 1198 1987 videmus
1211 1932 1290 1988 Chri·

703 2009 776 2058 stam
792 2001 899 2057 oculis?
915 2001 943 2057 Si
958 2004 1032 2057 enim
1049 2008 1159 2074 patrem
1174 2002 1288 2073 aliquis,

703 2090 762 2129 non
790 2072 887 2144 utique
914 2074 1001 2128 terret
1029 2074 1135 2141 videre,
1160 2078 1289 2131 conscius

695 2134 810 2217 'sibiipsi
825 2143 933 2217 peccati
949 2144 977 2200 in
993 2143 1083 2215 ipsum
1098 2151 1207 2219 patrem
1222 2145 1288 2202 inti-

704 2217 1289 2291 nitemansuetum,qualiterrepiciemus

703 2288 876 2345 suintune?
898 2289 1023 2356 Qualiter
1042 2305 1106 2345 eum
1128 2288 1288 2346 sustinebi-

703 2360 1287 2432 mas?lltenintrepraesentabunturtribu·

704 2432 760 2487 nali
776 2431 890 2500 Christi,
907 2439 935 2487 et
949 2433 1076 2489 oninium
1095 2432 1215 2506 diligens
1232 2434 1288 2490 erit

703 2503 903 2574 investigatio:
919 2523 933 2553 a
949 2504 1009 2558 baec
1026 2506 1243 2571 chrysostomus.
1256 2507 1288 2561 ln

703 2578 779 2630 omni
792 2582 886 2630 autern
904 2574 1062 2630 tentatione
1078 2575 1196 2632 multum
1213 2575 1289 2632 vaiet

703 2645 780 2702 illam
801 2646 876 2702 diem
890 2645 988 2717 judicii
1010 2652 1038 2701 et
1057 2645 1287 2721 resurrectionis,

703 2724 731 2773 et
745 2717 826 2774 nobis
842 2723 869 2773 ct
881 2717 944 2773 aliis
958 2716 994 2773 ad
1007 2725 1131 2774 mentem
1143 2735 1287 2792 revocare,

704 2789 835 2861 quiahoc
869 2789 1289 2859 raecipueconsuovitaninram

703 2878 812 2917 curare.
859 2862 913 2917 nde
923 2860 963 2916 ait
977 2859 1050 2916 idern
1063 2863 1287 2930 chrysostomus:

704 2955 719 2985 «
735 2933 763 2990 Si
788 2932 866 2990 arari
882 2949 945 2989 esse
963 2931 1146 3000 voluerimus,
1163 2941 1191 2989 et
1202 2933 1225 2989 si
1241 2951 1289 2990 ra·

703 3020 781 3076 pere,
797 3010 824 3061 et
840 3003 863 3060 si
881 3003 1083 3061 inconveniens
1105 3003 1173 3075 quid
1189 3022 1286 3077 agere,

703 3075 852 3133 confestim
863 3075 938 3132 diem
952 3075 1029 3131 illam
1040 3074 1070 3131 in
1085 3082 1211 3132 mentem
1226 3076 1288 3133 mit·

702 3153 807 3216 tamus,
821 3152 849 3204 et
861 3145 1000 3220 judicium
1022 3146 1243 3218 subscribamus,
1259 3151 1288 3205 et

703 3219 779 3276 omni
793 3222 874 3275 lreno
886 3218 1083 3275 vehementius
1093 3218 1232 3277 detinebit
1244 3220 1286 3278 in·

703 3290 920 3348 convenientem
942 3290 1080 3418 imgelunr
1100 3292 1160 3348 lraee
1178 3290 1286 3365 cogita·

702 3362 752 3419 tio.
772 3366 806 3419 Et
821 3362 978 3420 dicamusa
1014 3362 1163 3434 nosipsos:
1182 3364 1285 3423 Resur-

703 3433 790 3491 rectio
810 3439 864 3505 est,
879 3439 907 3490 ct
922 3433 1060 3507 judicium
1076 3451 1129 3491 nos
1144 3442 1287 3519 exspectat

703 3506 840 3565 terribile.
867 3509 901 3563 Et
928 3506 952 3563 si
981 3506 1133 3576 viderimus
1160 3509 1284 3580 aliquem

702 3579 818 3645 elatum,
839 3583 867 3635 et
886 3577 915 3634 in
934 3579 1121 3651 presentibus
1143 3579 1226 3636 bonis
1241 3580 1286 3636 in·

703 3654 890 3715 dominatum,
908 3649 984 3706 idem
1010 3666 1123 3720 semper
1146 3650 1285 3721 dicamus,

703 3723 886 3778 ostendentes
899 3721 1034 3793 quoniam
1050 3720 1147 3777 omnia
1165 3722 1211 3777 bic
1225 3737 1285 3779 ma·

702 3798 782 3849 nont.
809 3795 842 3848 m
866 3791 889 3847 si
919 3792 1004 3848 alium
1023 3793 1166 3849 dolentem
1184 3792 1286 3851 villeri·

703 3881 766 3921 mus
790 3868 818 3920 et
842 3867 1069 3932 contristantem,
1087 3871 1116 3919 et
1144 3864 1180 3919 ad
1206 3863 1285 3922 illum

701 3935 776 3992 idem
788 3936 1142 4007 loquamur,ostcndentes
1152 3936 1285 4005 qucnriarn

701 4008 788 4063 tinem
817 4008 963 4065 habebunt
986 4007 1088 4063 tristia.
1107 4008 1140 4061 Et
1163 4006 1186 4061 si
1202 4007 1287 4079 pigri·

700 4087 809 4135 tantem
834 4086 862 4135 et
886 4080 1064 4147 dissolutum,
1090 4094 1189 4133 rursus
1211 4080 1285 4137 idern

699 4150 973 4222 superineautemus,
985 4149 1168 4229 intentantes
1179 4148 1204 4205 oi
1214 4167 1284 4222 qum

700 4223 777 4279 niam
796 4239 910 4279 necesse
925 4229 968 4279 est
991 4220 1113 4293 pigritiae
1131 4238 1217 4279 titirus
1237 4225 1285 4281 do·

698 4311 740 4351 re.
757 4296 906 4351 Sulticicns
925 4299 967 4350 est
991 4296 1044 4349 boc
1065 4294 1181 4351 rerlnrm
1203 4300 1280 4355 nim

697 4366 890 4435 ferramento,
915 4363 1006 4438 magis
1032 4370 1158 4424 nostram
1185 4384 1285 4427 curare

695 4437 832 4497 animam.
848 4436 959 4495 Etenim
971 4442 1015 4495 est
1029 4438 1212 4511 resurrectio,
1225 4456 1282 4514 pirre
