2820 4928
440 387 480 443 bl
505 386 693 445 sllullule
721 388 894 443 bUNleCi.
1255 377 1286 434 ²5

57 505 178 567 arguere
201 499 230 552 et
255 493 406 567 depellere,
426 494 476 552 sed
496 493 642 552 bominem
696 496 793 563 corde,
808 509 845 551 ne
858 494 896 551 sit
912 497 1026 551 tantum
1042 489 1147 548 vocalis
1164 486 1287 546 humili-

57 567 183 623 amando
192 565 318 623 relevere
326 566 532 623 etcontortare.
541 564 643 623 Exiene
695 571 751 636 tas,
766 566 816 623 sed
835 570 864 623 et
882 565 991 622 realis:
1008 563 1218 623 scrutinatiles
1237 576 1286 616 cu·

56 653 127 693 aero
152 636 263 695 daemon
289 638 325 695 ab
348 637 464 695 bomine
486 653 642 710 numquam
695 654 767 704 mae,
784 638 857 709 qaod
874 638 1019 694 debuimus
1036 638 1130 704 [aem
1148 635 1267 714 fecimus
1274 649 1284 701 3

56 709 219 777 revertitur,
234 708 258 765 si
281 711 366 767 bomo
391 726 441 766 cor
455 725 537 766 suum
562 710 642 767 clave
695 726 814 769 necros
827 709 951 782 jactetis,
967 707 1037 781 quia
1053 709 1125 764 bene
1137 708 1285 786 servisti&

59 778 227 837 humilitatis
258 785 286 838 et
317 780 444 839 caritatis
476 781 642 838 servaverit.
696 777 1284 852 nibilenimlecistisquodnondeburstrs.

57 850 185 909 Exiturus
202 859 299 910 autem
318 851 454 924 discerpit
473 869 549 924 eum,
564 852 643 926 quia,
698 853 784 922 Quasi
791 852 1023 918 diceretrbicite,
1033 847 1154 924 gratiam
1162 863 1220 904 non
1229 862 1287 902 me·

58 923 125 979 dum
145 923 180 981 de
197 925 283 982 corde
302 924 464 998 expellitur,
479 923 604 982 acriores
615 924 646 981 in
699 927 824 994 ruimus3
839 924 900 993 sed,
916 923 1043 981 debitum
1058 919 1203 979 servitium
1222 917 1288 974 sol-

57 1010 91 1051 eo
104 995 278 1053 tentationes
290 1000 426 1068 generat3
439 1000 468 1052 et
478 995 617 1054 liberatus
630 1011 647 1052 a
701 996 804 1064 rendo,
818 1012 917 1069 poenas
930 994 1090 1052 vitavimus.
1105 992 1170 1053 Sed,
1189 1007 1205 1048 e
1218 1005 1286 1046 con-

57 1067 188 1124 daemone
208 1069 287 1124 velut
306 1074 436 1125 mortuus
454 1067 576 1138 videtur,
599 1066 648 1139 qui
701 1073 759 1136 tra,
786 1068 822 1124 de
848 1067 991 1141 superbis;
1016 1081 1081 1124 cum
1106 1076 1287 1137 nequaquam

58 1137 135 1194 enim
145 1144 262 1195 terrena
272 1138 417 1195 desideria
432 1137 554 1210 subegit,
562 1138 650 1194 vitam
705 1138 813 1206 omnia,
822 1139 871 1195 sed
883 1138 1025 1195 modicum
1035 1136 1104 1209 quid
1114 1150 1211 1193 eorum
1223 1148 1287 1206 quae

58 1209 89 1265 in
110 1225 141 1266 se
155 1210 280 1267 carnalis
294 1209 521 1266 conuersationis
539 1209 652 1266 exstin-
706 1214 850 1282 praecepta
859 1214 924 1266 sunt
935 1208 1115 1277 iaciunt,non
1123 1208 1214 1264 solum
1224 1219 1290 1287 mox

101 1279 142 1348 it,
169 1286 198 1337 et
226 1281 335 1337 mundo
365 1283 497 1336 mortuus
523 1286 651 1352 apparet.
707 1283 744 1338 de
759 1296 811 1337 sua
820 1279 931 1352 justitia
944 1283 1129 1353 praesumunt,
1141 1278 1191 1334 sed
1204 1282 1291 1333 etiam

63 1297 155 1418 gueni
174 1355 270 1407 autem
288 1350 381 1409 bostis
400 1355 512 1407 mortuo
531 1351 652 1408 similem
706 1352 839 1410 infirmos
870 1367 997 1424 quosque
1030 1348 1199 1423 despiciunt.
1231 1348 1293 1429 Non

64 1421 200 1490 reddidit,
216 1422 291 1479 hunc
310 1422 438 1480 Salvator
456 1421 508 1492 piae
528 1424 651 1480 dextera
706 1423 785 1482 enim
810 1439 910 1480 sumus
932 1421 1034 1492 nostri,
1054 1422 1105 1479 sed
1124 1419 1208 1490 servi,
1224 1432 1293 1490 quia

65 1499 141 1550 tactu
158 1493 288 1560 elevavit,
304 1494 334 1550 in
349 1509 405 1566 quo
425 1494 585 1552 ostenditur
600 1493 650 1552 Dei
704 1495 797 1569 pretio
811 1511 915 1568 magno
924 1494 1032 1567 empti;
1046 1499 1074 1550 et
1087 1509 1155 1565 ergo
1168 1489 1291 1558 Christo,

61 1563 217 1633 auxilium‚·
233 1571 262 1622 et
285 1565 417 1633 surrexit,
432 1563 463 1621 in
483 1580 537 1636 quo
562 1582 650 1623 mon·
704 1568 787 1640 cnjus
814 1565 905 1640 pretio
934 1565 1020 1639 empti
1048 1581 1154 1634 sumus,
1182 1561 1290 1621 servire

60 1641 168 1693 stratur
182 1635 440 1694 bominisstudium
452 1659 459 1693 ε
469 1636 561 1708 primo
572 1636 649 1695 enim
704 1645 846 1708 tenemur,
856 1644 885 1696 et
897 1638 967 1695 nibil
979 1636 1110 1695 omittere
1120 1638 1194 1710 quod
1205 1635 1291 1693 debe·

61 1710 135 1765 Deus
149 1725 201 1765 nos
212 1710 304 1782 juvat,
317 1708 447 1766 deindea
464 1708 650 1783 nobisreqni-
704 1727 783 1780 mus,
805 1726 857 1767 nec
883 1709 990 1782 aliquid
1012 1711 1105 1767 tacere
1130 1708 1206 1782 quod
1230 1721 1290 1763 non

61 1778 136 1837 nitur
150 1785 182 1837 ut
197 1781 303 1838 bonum
318 1795 481 1850 operemur.
703 1783 850 1840 debemus.
869 1784 948 1840 Unde
972 1784 1073 1841 Seneca
1099 1797 1106 1836 :
1133 1803 1148 1833 «
1171 1778 1291 1851 Sapiens

98 1856 116 1907 3
132 1852 226 1908 Gnauo
244 1870 347 1909 sinaris
367 1869 443 1907 rrnes
461 1868 648 1908 conranurun.
704 1854 775 1911 nibil
790 1853 858 1911 facit
871 1854 948 1926 quod
960 1870 1016 1911 non
1029 1851 1205 1920 debet‚nibil
1220 1865 1293 1922 prse-

62 1953 98 1964 —
112 1926 158 1987 Et,
172 1940 232 1979 cam
241 1927 380 1980 introisset
388 1927 419 1979 ia
428 1923 549 1990 domum,
563 1922 649 1978 disci·
704 1925 836 1983 termittit
850 1925 927 1998 quod
941 1925 1035 1982 debet.
1050 1946 1065 1976 n
1081 1926 1142 1981 Non
1158 1922 1292 1979 dicuntur

61 1996 127 2066 pali
140 1994 199 2064 ejas
208 2000 309 2051 secreto
318 1995 527 2064 intercedebant
536 1997 649 2050 lesum:
705 1997 821 2055 inutiles
847 1995 922 2053 servi
947 1997 1086 2053 iacientes
1112 1997 1175 2066 jure
1202 1989 1292 2048 debiti

65 2066 214 2132 ouercam
224 2083 280 2122 noa
286 2068 429 2138 potuimus
438 2066 537 2136 ejicem
548 2066 650 2121 illam?
706 2070 841 2126 mandata
855 2067 917 2137 Dei,
929 2070 998 2140 quin
1014 2068 1137 2124 fructum
1154 2063 1294 2135 recipiant

62 2140 101 2195 Et
116 2138 193 2192 dicit
205 2136 262 2194 illis
277 2155 285 2196 :
299 2140 415 2209 Propter
427 2137 651 2193 incredulitatem
705 2140 770 2197 ritae
796 2140 901 2209 beatae3
933 2140 983 2196 sed
1013 2138 1148 2194 dicuntur
1166 2134 1292 2204 inutiles,

64 2207 653 2281 uestramb'ondicunturdiscipnliincre-
705 2211 773 2284 quia
800 2211 939 2268 [lominus
965 2212 1105 2269 bonorum
1129 2213 1292 2265 nostrorum

63 2279 124 2336 duli
153 2286 271 2352 propter
302 2280 443 2337 delectum
471 2277 549 2348 tidei,
579 2280 653 2336 sicut
705 2282 899 2354 nonindiget3
914 2280 1293 2354 vel,quia‚noasuutcoadi·

63 2350 166 2433 ludaei,
182 2351 232 2408 sed
242 2358 366 2479 fpropter
383 2349 580 2433 remissionem
595 2350 651 2407 ler-
705 2371 766 2424 pna
779 2358 919 2426 passiones
931 2355 1014 2424 bajus
1027 2360 1078 2410 tem
1116 2357 1155 2408 ris
1167 2353 1206 2407 ad
1217 2354 1295 2418 fata·

66 2438 233 2480 rormtnam
263 2422 651 2492 demremrssamhabebant‚
705 2443 765 2482 ram
775 2428 970 2496 pluriumque
979 2427 1069 2481 revela
1089 2427 1184 2480 ituria
1198 2423 1292 2489 nobis3

65 2509 125 2550 non
144 2497 216 2550 sicut
235 2509 356 2566 granum
378 2494 493 2566 sinapis,
510 2493 577 2565 quia
596 2509 653 2549 non
706 2497 759 2565 rel,
787 2499 854 2568 quia
875 2499 1001 2579 ‘quisque
1029 2495 1119 2568 magis
1149 2495 1233 2552 debet
1262 2509 1293 2548 se

65 2581 131 2621 cum
141 2564 236 2622 debito
246 2566 358 2622 terrore
368 2565 569 2634 credebant,ut
578 2580 652 2636 prae·
707 2569 847 2625 aestimare
873 2572 1082 2641 imperiectum,
1106 2581 1191 2638 quani
1215 2562 1294 2692 ssuod

63 2636 148 2709 cipue
182 2635 236 2708 ipsi
269 2637 364 2694 lacere
393 2636 546 2694 debebant.
577 2635 650 2694 Nihil
707 2645 812 2697 statum
841 2639 968 2711 attigerit
994 2637 1188 2712 perfectionis.
1240 2635 1294 2691 nde

62 2708 140 2765 enim
154 2706 330 2779 impossibile
343 2707 395 2765 erit
408 2707 522 2765 habenti
541 2709 653 2766 terren·
706 2713 781 2769 Beda
795 2731 804 2767 s
822 2733 836 2761 α
852 2714 918 2768 llaec
930 2717 974 2768 est
989 2711 1074 2783 igitur
1088 2710 1118 2766 in
1132 2707 1295 2766 bominibus

62 2787 123 2837 tem
145 2779 244 2848 fidem,
258 2785 288 2837 et
309 2795 361 2852 per
379 2778 559 2837 dilectionem
586 2796 653 2852 ope·
707 2783 768 2841 sola
787 2782 855 2839 fidei
877 2782 1026 2854 perfectio,
1041 2781 1066 2838 si
1085 2781 1217 2837 omnibus
1231 2793 1294 2849 quae

63 2857 189 2920 nantem,
206 2850 252 2907 cui
272 2866 428 2923 numquam
446 2851 552 2908 suflicit
575 2850 653 2924 quod
708 2859 852 2927 praecepta
875 2857 941 2908 sunt
960 2852 1094 2920 impletis,
1114 2850 1296 2922 imperfectos

63 2924 139 2980 bene
160 2922 256 2994 gessit.
277 2923 401 2980 Granum
418 2922 522 2996 quippe
545 2921 652 2994 sinapis
710 2941 740 2980 se
754 2939 815 2978 esse
831 2922 972 2988 noverint,
981 2928 1009 2976 ct
1023 2921 1158 2991 quamdiu
1168 2918 1294 2998 peregri·

65 2998 111 3051 est
128 2993 283 3062 modicum,
303 2993 454 3062 fervidum,
474 3010 605 3051 amarum
625 2998 654 3048 ct
710 2997 816 3050 nantur
832 3008 850 3046 a
864 2991 994 3059 Domino,
1008 3006 1120 3062 semper
1135 2989 1189 3046 sibi
1204 3004 1298 3070 inesse

66 3063 169 3120 ueneni
184 3065 368 3137 expulsivum.
381 3068 413 3122 ln
427 3066 482 3122 boc
495 3080 564 3135 ergo
579 3064 654 3134 quod
712 3064 788 3121 mala
802 3078 865 3133 quae
882 3063 1015 3130 dellcant,
1030 3076 1143 3133 semper
1159 3075 1298 3116 memme-

68 3134 118 3191 bic
141 3142 286 3207 comparat
310 3136 397 3193 fldem
423 3151 512 3209 grano
538 3134 654 3206 sinapis,
711 3136 769 3192 rint
781 3135 881 3191 deesse
897 3134 971 3191 bona
985 3133 1022 3191 ad
1036 3149 1109 3206 quae,
1126 3130 1220 3206 gratia
1235 3132 1298 3204 ejus

65 3205 161 3263 innuit
188 3207 263 3279 quod
293 3208 398 3265 debent
422 3209 528 3265 babere
551 3206 651 3264 fldem:
707 3209 835 3282 juvante,
861 3206 1020 3280 proficiant.
1053 3227 1066 3259 n
1095 3208 1129 3263 Et
1155 3204 1258 3263 iterum
1288 3222 1295 3262 :

66 3278 654 3351 modicam,perhumilitatem3ierridam,
711 3301 725 3333 «
740 3281 813 3348 Quia
829 3278 890 3336 sinc
909 3295 953 3336 me
970 3278 1041 3336 nibil
1056 3277 1174 3352 potestis
1192 3280 1296 3347 iacere,

64 3366 118 3478 per
132 3350 334 3419 devotionem
350 3366 489 3420 amaram,
505 3366 555 3421 per
570 3350 657 3407 tribu·
711 3368 769 3408 non
790 3357 950 3424 temporum
969 3351 1146 3423 longitudine
1168 3349 1298 3407 laborum

77 3421 206 3478 alionum
221 3421 452 3504 perpessionem
466 3423 565 3479 veneni
580 3438 657 3478 erro·
710 3422 814 3481 merita
825 3439 948 3496 pensare
958 3424 1084 3492 debetis;
1097 3423 1148 3481 sed
1160 3437 1257 3478 amore
1270 3424 1299 3476 ct

64 3495 106 3549 ris
118 3494 306 3565 expulsivam,
322 3509 373 3566 per
388 3493 591 3551 sinceritatem.
609 3495 654 3549 Se·
710 3494 848 3551 famulatu
880 3501 1037 3568 spontaneo
1072 3496 1154 3552 novis
1186 3507 1300 3564 semper

63 3565 190 3622 cundum
205 3566 530 3636 Ambrosiam,granum
548 3563 657 3637 sinapis
710 3565 928 3638 studiisaugcre
959 3567 1080 3624 riora:»
1096 3568 1157 3623 baec
1169 3566 1253 3621 Beda.
1266 3564 1300 3619 Et

63 3652 112 3693 res
122 3640 167 3693 est
179 3635 309 3708 simplex,
319 3635 380 3693 etsi
390 3636 492 3693 teritur
505 3636 561 3694 vim
575 3651 655 3693 suam
711 3639 783 3695 bene
806 3638 874 3694 dicit
903 3583 1010 3706 :guod
1036 3639 1180 3693 debuimus
1207 3639 1299 3703 fucere

63 3707 175 3776 lundit;
196 3707 237 3763 sic
255 3707 328 3765 tides
345 3707 463 3778 simplex
481 3707 604 3777 ridetur,
627 3715 656 3764 et
684 3725 688 3773 l
709 3711 834 3777 fecimus.
855 3710 935 3766 Unde
950 3709 1026 3766 idem
1043 3711 1117 3766 Beda
1133 3728 1141 3764 :
1160 3730 1174 3759 α
1189 3710 1300 3763 llevera

64 3779 89 3836 si
102 3778 389 3849 atteraturadrersis‚
400 3777 521 3850 gratiam
529 3795 588 3836 suae
598 3778 654 3835 vir·
711 3779 873 3848 debuimus,
890 3780 966 3852 quia,
983 3779 1032 3851 qui
1048 3797 1106 3837 non
1117 3779 1194 3836 venit
1210 3775 1299 3856 mini7

63 3849 135 3907 tutis
149 3850 281 3908 effundit.
711 3851 807 3918 strari‚
822 3851 875 3915 sed
894 3851 1069 3921 ministrare,
1085 3852 1230 3908 debitores
1244 3846 1298 3926 sibi

102 3927 118 3990 d
151 3924 258 3979 Ssnvns
292 3938 409 3979 murinis
441 3938 503 3985 ouis
534 3939 591 3978 asr.
621 3951 657 3966 -·
712 3923 865 3992 uoslecit3
883 3923 1039 3980 neuostris
1059 3922 1299 3990 videlicetoperr·

66 3993 175 4050 Deinde
195 3992 307 4050 reducit
328 4009 378 4049 eos
396 3993 433 4050 ad
452 3992 655 4063 bumilitatem,
711 3995 765 4051 bus
782 3995 969 4062 confidentes,
986 3994 1037 4051 sed
1056 3995 1091 4049 de
1110 3994 1173 4064 ejus
1187 4002 1301 4057 semper

65 4065 211 4122 monendo
231 4081 268 4121 ne
292 4063 357 4137 quis
381 4066 452 4122 deo
492 4064 570 4122 ribus
589 4066 657 4148 glo·
712 4065 842 4123 examine
855 4072 1003 4139 paventes,
1020 4080 1083 4122 cum
1099 4056 1301 4138 Prophetadi-

67 4135 169 4205 rietur,
185 4135 237 4193 sed
252 4135 384 4193 humiliet
397 4152 428 4194 se
470 4153 515 4207 eo,
531 4136 657 4208 cuipare
712 4153 810 4194 carnus
828 4157 835 4192 ε
857 4139 929 4206 Quid
953 4136 1143 4193 retribuemus
1168 4133 1300 4208 Domino,

67 4207 239 4281 obsequium
265 4209 402 4278 debetur,
429 4208 528 4266 dicens
553 4225 560 4264 :
589 4211 656 4266 uam
711 4224 763 4337 Em
779 4209 911 4266 omnibns
927 4223 991 4279 quae
1011 4203 1146 4284 retribuit
1165 4200 1270 4256 nobis?
1285 4220 1300 4255 »

67 4281 191 4347 scaettis
216 4282 321 4349 emam,
344 4296 404 4351 pua
428 4285 567 4353 precepta
593 4284 658 4336 sunt
733 4296 774 4337 aec
799 4281 885 4337 Beda.
909 4276 1032 4335 bttende
1060 4276 1105 4330 bic
1133 4275 1206 4330 bene
1225 4274 1301 4344 quod

67 4351 155 4416 nobe,
170 4352 267 4417 dicite,
282 4366 341 4409 nou
357 4356 470 4412 tautum
488 4367 550 4420 ore,
563 4350 614 4409 sed
629 4354 658 4408 et
713 4367 812 4409 servus
838 4349 946 4408 inartilis
975 4349 1141 4420 reputatur,
1170 4343 1218 4421 qui
1247 4346 1300 4403 bac
