2820 4928
1321 230 1346 299 ir

141 286 184 340 l36
487 288 646 343 SEGUDDAE
673 282 795 340 Pluris
821 283 926 337 CAPUT
955 284 1021 338 XXI

136 389 225 448 motio
247 396 277 449 et
299 391 413 450 incauta
427 392 608 465 simplicitas!
625 414 639 444 o
659 392 721 448 haee

137 463 311 519 Ambrosius.
327 464 719 533 Perlacohumetloannem,

135 533 183 605 qui
200 536 293 592 adhue
309 534 466 604 imperfecti
496 543 588 604 erant,
610 535 720 606 signifi·

136 611 237 662 eantur
251 605 379 661 homines
389 605 546 679 imperfecti
559 614 721 679 quaerentes

135 675 219 732 nimis
243 677 313 732 dure
335 675 484 745 vindicari,
510 679 561 735 sed
585 679 720 750 Magister

133 746 314 817 perfectiouis
327 748 459 820 prohihet
474 751 528 806 hoe
542 749 616 810 lieri.

169 822 184 872 5
200 819 248 874 lna
262 837 293 875 ur
305 836 383 876 uarro
398 838 521 877 vrraunn
535 838 612 879 suun.
627 852 662 863 -
671 824 717 885 Et,

132 887 200 959 quia
215 890 386 947 Samaritani
402 892 554 949 noluerunt
568 891 718 950 Dominum

128 960 237 1030 lesum,
249 967 277 1018 et
291 961 447 1034 discipulos
462 965 522 1036 eJ'us
533 963 611 1021 intra
622 963 718 1020 eivita-

127 1035 186 1087 tem
201 1048 285 1090 suam
299 1034 427 1107 recipere
442 1036 479 1092 ad
499 1035 716 1108 hospitandum,

131 1102 261 1160 obierunt
275 1108 305 1160 ia
317 1107 398 1161 eliud
412 1109 563 1164 castellum.
579 1104 717 1165 Circumi-

129 1172 178 1230 hat
196 1176 272 1232 enim
290 1175 426 1234 Dominus
441 1181 522 1236 lesus
546 1178 675 1235 civitates
690 1182 718 1233 et

129 1246 247 1305 castella
265 1248 447 1330 praedicando
471 1256 499 1308 et
515 1250 643 1307 iaciendo
664 1247 718 1330 mi-

128 1325 238 1389 recula,
255 1327 326 1376 sicut
339 1337 426 1393 supra
451 1321 558 1378 dictum
578 1328 630 1378 est.
647 1320 717 1376 Vide

133 1404 208 1446 nunc
223 1392 365 1463 quomodo
379 1393 515 1450 Dominus
529 1395 621 1460 lesus,
636 1393 717 1463 cujus

130 1466 170 1515 est
181 1467 255 1517 terro
268 1469 294 1518 et
307 1465 450 1534 plenitudo
460 1466 530 1533 eius,
541 1465 672 1520 exclusus
680 1464 716 1520 ab

130 1547 188 1587 uno
202 1532 264 1589 loco
283 1534 425 1606 patienter
438 1535 502 1600 tert,
518 1541 546 1591 et
562 1534 664 1591 transit
679 1534 715 1591 ad

129 1601 217 1658 alium
230 1622 237 1668 ;
252 1610 280 1660 et
293 1605 366 1661 habe
381 1605 559 1677 patientiam,
575 1605 599 1662 si
610 1604 716 1661 similia

130 1671 181 1728 tibi
196 1675 360 1743 evenerint,
376 1678 433 1732 imo
453 1679 556 1745 gaude,
577 1677 644 1750 quia
658 1676 715 1732 da-

128 1747 187 1799 tum
204 1750 247 1800 est
262 1745 313 1803 tihi
327 1746 357 1802 in
371 1746 483 1804 tantillo
501 1748 607 1805 imitari
621 1747 715 1804 Domi·

129 1829 197 1871 num
215 1822 305 1874 tuum.
321 1819 386 1874 llaec
406 1817 493 1890 igitur
507 1819 604 1877 omnia
622 1821 714 1875 cousi-

126 1883 273 1968 derantes,
303 1905 417 1947 omnem
440 1891 659 1949 amaritudInem
687 1895 715 1946 et

126 1973 198 2016 iram
214 1959 328 2019 anobis
344 1962 539 2033 excludamus3
556 1973 583 2021 et
599 1980 656 2020 non
672 1962 713 2018 ul-

126 2028 713 2108 ciscentesnosmetipsosDeototumcom·

128 2102 284 2162 mittamus.
306 2107 386 2164 Unde
412 2106 453 2163 ait
478 2109 713 2176 chrysostomus:

130 2176 320 2254 «nNumquam
345 2177 513 2234 insidiemur
538 2178 613 2246 aliis,
642 2193 713 2250 quo-

126 2260 205 2301 mam
219 2250 356 2303 arlversus
370 2249 501 2320 nosipsos
513 2249 642 2305 acuimus
655 2251 714 2318 gla-

127 2313 216 2383 dium,
228 2320 256 2371 et
265 2319 479 2387 profundiorem
493 2319 645 2445 nobisipsis
655 2321 713 2390 pla-

125 2400 190 2456 gam
211 2386 323 2443 damus.
343 2389 398 2445 Sed
415 2393 442 2446 te
460 2389 564 2460 aliquis
597 2389 669 2459 aesit,
685 2395 713 2445 et

125 2455 212 2511 visin
235 2472 300 2513 eum
315 2458 432 2516 ulcisci?
448 2462 487 2516 Ne
511 2460 665 2530 ulciscaris,
684 2464 713 2517 et

124 2526 166 2583 sie
180 2527 275 2585 uchsci
291 2531 408 2603 poteris.
418 2534 474 2588 Nec
486 2537 567 2604 putes
581 2535 635 2592 hoc
645 2533 712 2590 aeni·

776 404 842 462 gma
859 403 930 455 esse,
947 388 998 444 sed
1020 404 1125 445 rerum
1140 393 1198 448 est.
1216 388 1364 458 Quomodo,

775 458 996 530 muneratione,
1008 458 1086 515 dices
1095 460 1112 514 ‘l
1121 461 1200 528 Quia
1208 467 1239 517 te
1250 477 1306 517 non
1318 463 1365 516 siu·

775 531 885 597 dicans,
899 532 987 587 Deum
1001 529 1026 586 ei
1039 532 1198 589 constituis
1213 531 1364 599 immicum

774 603 798 659 si
816 619 882 659 rero
908 603 1064 671 ulciscaris,
1096 620 1159 659 non
1185 607 1284 661 item:
1311 620 1365 660 nan

773 678 846 731 Mitti
860 674 995 743 uirsdtetu,
1011 680 1037 729 et
1051 691 1101 743 epo
1116 677 1296 743 retribuam,
1309 676 1365 731 deu

774 748 914 802 Dominus.
932 746 959 803 Si
981 747 1058 801 enim
1078 761 1186 802 servos
1206 749 1366 816 habeamus,

773 817 821 889 qul
844 821 940 873 mutuo
957 815 1097 885 rixentur,
1123 834 1181 873 nec
1202 820 1292 876 nohis
1309 819 1366 875 ulri

773 887 871 944 scendi
904 893 999 959 partes
1027 889 1212 958 concedant,
1242 890 1295 946 sed
1314 888 1367 957 sihi,

773 959 825 1016 etsi
842 965 940 1030 postea
955 965 1132 1030 uosrogem,
1143 977 1201 1018 nos
1218 962 1307 1019 modo
1320 977 1366 1017 non

772 1030 945 1100 ulciscimur,
971 1031 1020 1086 sed
1052 1029 1146 1088 etiam
1175 1032 1366 1105 indignamur,

772 1102 898 1158 dicentes
915 1119 922 1157 ε
941 1103 1100 1229 OXortelrat
1121 1109 1155 1159 ut
1173 1111 1277 1161 totum
1297 1104 1367 1161 nohis

773 1174 910 1242 deterres,
925 1189 955 1230 se
990 1173 1057 1245 quia
1075 1180 1106 1230 te
1125 1175 1231 1248 ipsum
1249 1178 1366 1243 ultuses,

772 1261 807 1300 ne
821 1246 982 1301 molestiam
998 1246 1173 1303 ultracrees
1190 1265 1199 1315 ;
1218 1249 1366 1304 multoma-

771 1316 815 1388 gis
831 1319 904 1373 Deus
925 1333 970 1387 qur
987 1317 1140 1388 praecepit,
1158 1327 1193 1376 ut
1210 1318 1270 1376 sihi
1284 1318 1366 1376 omnia

772 1388 1024 1456 committeremus,
1048 1389 1104 1444 hoc
1130 1391 1225 1447 nohis
1252 1392 1365 1448 dicturus

772 1459 1364 1531 est.Qualiterauternnonahsurdomesl,

772 1547 836 1587 rum
848 1530 962 1587 aservis
978 1534 1085 1587 nostris
1097 1537 1219 1590 tantam
1231 1535 1363 1609 exigamus

771 1602 973 1670 obedientiam,
992 1604 1175 1660 Domiuatori
1193 1622 1363 1664 noneaeon·

770 1675 882 1759 pedere,
899 1690 961 1746 quaa
976 1674 1110 1731 volumus
1127 1677 1260 1734 aservis
1272 1676 1363 1735 nostris

770 1746 885 1803 concedi
898 1747 980 1803 nohis
990 1745 1004 1801 l
1014 1746 1041 1802 Si
1055 1746 1149 1815 enim,
1159 1748 1212 1804 dic
1224 1748 1362 1817 mlhi,od'u

770 1833 834 1873 eum
850 1820 900 1889 qul
914 1817 1054 1890 peccarim
1066 1820 1265 1945 cupusgratia
1276 1828 1304 1878 et
1313 1821 1361 1894 ipse

769 1903 882 1960 peccas,
897 1895 926 1944 et
940 1889 969 1945 in
990 1888 1091 1946 eadem
1120 1891 1252 1948 aberis?
1270 1893 1359 1951 Conri-

771 1962 856 2016 liatus
867 1966 919 2027 est,
931 1977 967 2016 ne
981 1959 1188 2019 reeonritieris
1198 1981 1207 2031 ;
1219 1963 1358 2031 percussit,

769 2047 805 2087 ne
828 2031 1019 2103 repercutias3
1048 2035 1253 2104 contristarit,
1270 2052 1304 2093 ne
1322 2050 1359 2091 rs·

769 2102 931 2170 contristes,
948 2103 1014 2174 quia
1038 2103 1111 2160 nihil
1134 2105 1208 2163 inde
1226 2108 1305 2176 lucri,
1317 2106 1357 2164 sed

768 2173 809 2229 illi
828 2173 929 2229 similis
948 2174 1055 2231 evadis.
1074 2175 1123 2231 Sic
1139 2176 1230 2235 illum
1250 2179 1355 2235 tonsu

768 2246 797 2300 in
811 2246 950 2317 pudorem
963 2246 1109 2318 conjicies
1127 2247 1152 2303 si
1168 2249 1274 2307 omnia
1286 2265 1355 2306 man·

767 2324 845 2373 suete
868 2317 960 2385 ieras;
989 2317 1030 2373 sie
1055 2317 1084 2374 in
1113 2320 1272 2391 ruborem,
1284 2322 1351 2378 itaut
1389 2378 1392 2383 ,

767 2389 838 2443 iram
854 2388 943 2444 sedet.
958 2389 1046 2445 Nemo
1062 2389 1143 2446 enim
1160 2392 1245 2450 malo
1261 2392 1346 2450 ndum

767 2464 859 2528 sanat,
870 2459 919 2516 sed
932 2460 1026 2533 potius
1041 2460 1118 2518 hono
1132 2463 1248 2522 malum
1260 2482 1267 2521 ε
1277 2464 1348 2521 »het

767 2532 983 2601 chrysostomus.

677 2713 806 2772 ORATIO

157 2853 276 2913 Domine
290 2857 358 2914 lesu
378 2855 500 2928 Christe,
516 2857 563 2931 qul
584 2858 620 2915 de
643 2857 840 2928 samaritanis,
856 2857 1009 2930 hospitium
1025 2857 1077 2915 tibi
1095 2862 1285 2935 negantibus,
1300 2879 1352 2921 nou

119 2935 147 2986 te
161 2928 320 2996 vindicasti,
341 2929 391 2986 sed
405 2929 548 3003 patienter
560 2930 664 2996 terens,
678 2928 825 2986 humiliter
844 2930 880 2986 ad
896 2929 983 3011 alium
997 2931 1090 2987 locum
1105 2931 1275 3007 declinasti,
1289 2951 1354 3008 pre·

119 3006 164 3058 sla
180 3000 250 3056 mihi
266 3000 395 3073 indigno,
414 3018 430 3058 o
447 3001 536 3060 duleis
551 3003 655 3073 hospes
670 3001 783 3069 animae,
806 3006 847 3070 ut,
864 3000 939 3056 vitiis
954 3003 1061 3059 cunetis
1081 3005 1225 3077 expulsis,
1245 3014 1352 3079 matum

121 3072 170 3129 tihi
187 3072 217 3129 in
229 3074 315 3130 eorde
325 3090 386 3130 meo
396 3073 546 3145 hospitium
555 3073 665 3130 valeam
676 3088 856 3155 praeparare,
870 3077 907 3137 ei,
922 3071 944 3128 si
961 3075 1076 3156 quando
1090 3078 1127 3131 ob
1138 3092 1206 3134 mea
1218 3078 1352 3137 demerita

120 3143 158 3199 ihi
173 3151 304 3215 receptus
320 3160 376 3200 non
391 3146 488 3213 tueris,
504 3145 563 3202 noli
583 3145 651 3201 mihi
667 3145 762 3212 irasci,
778 3151 806 3200 et
820 3160 838 3199 a
853 3160 933 3200 servo
953 3149 1000 3201 tuo
1019 3162 1046 3200 rn
1063 3162 1105 3202 rra
1130 3147 1293 3219 declinare,
1307 3158 1352 3207 aut

121 3216 275 3272 vindictam
289 3216 324 3271 de
338 3231 385 3271 me
409 3233 540 3283 surnere;
561 3218 610 3272 scd
626 3224 666 3281 tu,
683 3216 729 3287 qui
746 3231 803 3271 non
819 3214 919 3272 venisti
941 3216 1052 3273 animas
1078 3219 1213 3289 perdere,
1234 3222 1286 3278 sed
1300 3222 1351 3279 sal-

122 3303 200 3355 vare,
215 3286 368 3342 reconcilia
382 3302 427 3343 me
442 3287 494 3343 tibi
513 3303 566 3368 per
584 3294 662 3344 tuam
687 3286 923 3356 misericordiam,
943 3294 971 3342 et
987 3288 1033 3357 da,
1055 3294 1086 3343 ut
1100 3288 1153 3346 tihi
1169 3294 1349 3364 perdignum

121 3356 360 3429 preparationem
375 3373 424 3412 cor
442 3374 580 3428 aperiam,
595 3358 703 3429 tibique
719 3360 828 3431 placeat
853 3358 889 3416 ad
905 3374 949 3415 me
965 3375 1077 3416 serrum
1091 3366 1173 3418 tuum
1191 3363 1311 3435 intrare,
1325 3369 1350 3420 et

122 3443 168 3483 me
183 3426 406 3484 misericorditer
419 3428 600 3486 benedicere.
612 3429 713 3486 Amen.

609 3685 747 3758 CAPUT
773 3687 851 3757 XXI

456 3872 495 3916 DE
515 3871 674 3918 resinous
696 3870 838 3917 ulmeam!
859 3873 1004 3918 lellllDAEl.

312 4001 436 4061 Matthaei
452 4017 513 4076 cap.
533 4004 590 4069 xx.
607 4004 694 4061 llarci
710 4020 771 4077 cap.
789 4005 811 4062 ll
828 4010 857 4063 et
871 4006 953 4064 Lucae
969 4021 1032 4080 cap.
1048 4008 1148 4065 XVlll.

158 4199 167 4232 ι
188 4177 245 4234 Cun
261 4193 373 4233 raunrss
384 4177 538 4233 Passionem
550 4192 620 4232 sunu
634 4178 704 4233 ltro·
758 4176 821 4235 haec
831 4181 922 4233 autem
937 4177 1157 4252 erenidiscipuli
1167 4183 1282 4240 Domini
1293 4181 1344 4240 sri-

123 4264 213 4303 sronrs
239 4266 405 4305 rasurxsnrr
426 4250 571 4305 iteramus?
585 4278 619 4289 -
635 4249 703 4305 l‘ost
757 4246 833 4317 licet,
843 4252 872 4306 in
886 4251 935 4305 uia
946 4252 1341 4326 aseendentealerosolpmum,
