2820 4928
208 326 250 381 ΒΕ
275 325 436 382 susstoitt
462 325 584 381 buitim
611 325 715 381 suisti
742 324 874 379 eviluit
900 324 940 378 ΕΤ
966 324 1104 379 nstitit
1250 322 1295 377 tus

62 431 218 492 scientiam
231 432 269 491 ad
285 430 548 506 intelligendumet
558 432 652 503 splen·
701 432 798 502 castri,
822 433 919 490 clausa
943 436 1005 489 erat
1030 430 1201 489 Jerusalem.
1230 429 1293 498 Vel,

62 506 166 564 dorem
195 506 369 572 honestatis,
388 521 438 562 seu
468 504 590 577 gratiam
617 504 654 561 ad
702 510 859 562 vocateam
874 505 915 561 sic
931 504 1109 576 despective3
1132 503 1194 574 jam
1211 499 1288 559 euim

62 576 238 636 docendum.
253 579 354 633 Petrus
364 576 655 649 eniminterpretatur
702 592 805 633 nomen
819 576 941 633 civitatis
956 576 1103 644 amiserat,
1123 574 1192 646 quia
1205 590 1238 631 cx
1254 572 1289 629 li·

61 666 226 719 opnoscens,
241 647 334 717 Philip
357 665 390 705 us
408 663 487 717 vero,
501 665 530 705 os
545 651 655 720 lampu-
704 650 814 705 bertatc
829 647 978 720 temporali
993 648 1021 704 iii
1035 647 1201 704 servitutem
1219 646 1291 703 Geri-

64 722 125 803 dip.
140 719 216 803 llisit
228 664 499 793 autemsiscipulos.
516 719 597 791 quasi
613 718 655 776 di·
679 744 683 811 Ι
705 723 776 775 tium
800 719 925 788 redacta,
951 725 979 777 et>
998 718 1135 775 Romanis
1163 720 1291 787 subjecta

66 791 657 865 sciplinatos,prepteraediiicatiouemex·
680 814 683 833 ι
706 796 785 859 crat;
815 793 894 857 item,
923 792 959 848 de
986 791 1117 848 libertato
1146 787 1289 862 spirituali

68 878 118 921 em
139 864 173 933 li;
188 863 236 920 scd
254 866 338 933 duos,
358 869 474 935 propter
492 862 657 919 firmitatem
678 838 682 923 i
706 863 823 919 redacta
837 867 899 919 erat
921 863 950 919 in
973 863 1139 919 servitutem
1155 867 1292 934 peccato-

68 880 152 993 rerii
169 952 176 991 :
191 936 301 1007 quiain
314 951 360 991 ore
374 935 490 991 duorum
504 936 657 1016 peitatem,
680 928 683 995 i
707 938 793 1000 ruin;¹
811 934 887 991 etde
903 933 1061 1017 frequentia
1076 934 1246 1006 populorum
1263 934 1292 988 iii

66 1012 130 1063 stat
143 1023 221 1063 omne
244 1007 375 1089 uerbum}
391 1011 419 1062 et
441 1006 570 1078 pluribus
594 1006 658 1062 aliis
708 1004 882 1079 paucitatem
896 1007 1100 1071 habitatorum,
1114 1010 1141 1061 et
1156 1005 1221 1061 ideo
1244 1003 1293 1060 di-

65 1078 107 1136 de
125 1076 219 1135 causis
233 1077 389 1135 destinavit
405 1078 482 1134 hunc
497 1092 657 1144 numerum,
709 1077 783 1133 citur
793 1076 958 1134 diminutive
969 1077 1125 1134 castellum.
1142 1079 1222 1145 item,
1237 1091 1294 1131 non

65 1149 142 1207 sicut
157 1153 187 1207 et
200 1148 283 1207 binos
298 1148 376 1205 misit
386 1149 422 1205 ad
435 1148 658 1222 predii-andum.
712 1156 793 1205 vorat
805 1149 961 1205 ierusalem
981 1148 1135 1211 civitatem,
1152 1148 1220 1218 quia
1238 1162 1295 1201 non

66 1221 151 1279 Unde
163 1224 205 1279 ait
217 1224 402 1295 Hieronymus
417 1237 424 1276 :
442 1220 544 1277 allisit
563 1223 657 1278 duos:
683 1240 687 1285 i
711 1227 773 1277 erat
787 1220 825 1277 ibi
838 1221 942 1277 civium
957 1220 1060 1287 unitas,
1082 1219 1131 1275 scd
1148 1218 1296 1290 multiplex

10 1348 14 1359 ,
90 1297 190 1366 ropter
203 1295 506 1365 societatem,proptcr
520 1292 660 1364 duplicem
684 1292 687 1341 i
711 1291 854 1347 discordia
874 1292 949 1348 inter
965 1308 1033 1359 eos;
1060 1290 1110 1346 sed
1132 1298 1214 1346 vocal
1232 1303 1296 1345 eam

66 1308 263 1422 numilitatem
290 1364 384 1421 cordis
408 1367 437 1420 el
466 1364 605 1436 corporis,
632 1367 661 1418 et
684 1346 687 1451 i
712 1363 869 1429 castellum,
892 1362 960 1434 quia
984 1360 1093 1419 munita
1118 1365 1181 1418 erat
1208 1359 1297 1417 armis

70 1441 191 1509 propter
217 1435 363 1508 duplicem
391 1434 534 1518 geminam
562 1434 662 1491 carita·
685 1456 688 1511 t
713 1434 828 1491 nialitiae
848 1443 947 1492 contra
964 1435 1116 1491 Christum.
1137 1436 1174 1489 lit
1191 1435 1298 1496 statim,

72 1514 145 1576 tem,
164 1506 214 1564 llei
242 1514 270 1562 et
288 1509 419 1581 proximi.
437 1528 451 1557 v
481 1508 513 1563 Et
533 1506 659 1563 iterum:
685 1560 688 1577 ί
712 1505 818 1561 scilicet
834 1514 900 1563 ante
916 1515 1027 1578 portam
1042 1512 1071 1561 et
1094 1503 1242 1561 introitum
1258 1503 1298 1559 ci·

73 1600 90 1632 ι
111 1578 178 1636 Sive
194 1584 314 1651 propter
328 1579 486 1635 theoricam
501 1583 529 1634 et
556 1576 660 1651 practi·
712 1577 817 1647 vitatis,
835 1581 979 1634 invenietis
1004 1580 1113 1633 estivam
1138 1582 1164 1632 et
1190 1576 1299 1647 puttam

69 1648 239 1717 cam‚idest
251 1648 401 1707 scientiam
411 1656 438 1706 ct
448 1665 544 1721 opera.
554 1672 568 1700 ii
584 1651 661 1706 Unde
685 1616 688 1693 i
713 1667 773 1705 crim
783 1666 848 1707 ea...
865 1666 948 1721 super
960 1666 1039 1721 quem
1057 1665 1134 1704 acmo
1149 1649 1239 1703 adbuc
1255 1649 1301 1702 lto-

67 1726 101 1780 et
113 1722 193 1779 &da
208 1738 216 1777 :
233 1740 248 1773 a
263 1723 349 1778 Recte
365 1726 459 1777 autem
474 1728 528 1777 duo
546 1720 663 1778 uiittun-
685 1704 689 1785 i
712 1725 817 1776 mirram
831 1723 913 1785 sedit,
929 1722 958 1778 in
974 1720 1049 1779 bivio
1063 1730 1092 1777 et
1109 1721 1170 1777 loco
1186 1717 1299 1791 publico

67 1798 131 1863 tur,
146 1794 207 1850 sire
224 1799 343 1873 propter
357 1791 505 1849 scientiam
521 1792 662 1862 veritatis,
686 1792 689 1875 ζ
713 1792 855 1865 alligatos,
871 1794 950 1850 etad
966 1792 1125 1849 ministeria
1140 1806 1299 1864 pauperum

69 1872 103 1921 et.
116 1863 287 1922 munditiam
300 1863 405 1936 operis,
419 1862 478 1920 sive
489 1874 605 1945 propter
617 1880 665 1935 gc·
686 1880 689 1933 i
714 1863 875 1936 deputatos.
893 1868 951 1921 llos
976 1863 1080 1935 quippe
1103 1868 1165 1918 crat
1190 1862 1219 1918 in
1244 1860 1301 1917 illis

71 1934 160 1993 miuae
171 1934 343 2003 dilectionis,
356 1935 405 1991 Uei
419 1934 549 1992 videlicet
559 1946 587 1990 et
597 1951 663 2006 pro·
687 1936 690 2001 Ι
715 1934 887 2005 regionibus.
904 1935 978 1992 utin
993 1935 1115 2003 singulis
1137 1931 1301 1989 civitatibus

72 2006 153 2073 ximi,
167 2013 390 2071 sacramentum,
403 2010 463 2062 toto
479 2008 548 2063 orbe
563 2004 664 2078 praedi·
687 2006 690 2015 ’
715 2011 744 2061 ot
763 2005 872 2071 viculis,
886 2006 994 2073 asinus,
1014 2007 1057 2060 vet
1073 2003 1220 2076 quodlibet
1236 2001 1302 2058 ani-

74 2077 208 2135 candum.
223 2102 236 2128 ι
249 2078 328 2136 Unde
337 2077 424 2134 etiam
436 2079 642 2148 chrysostomus
655 2094 663 2133 ι
715 2076 915 2147 mal,adopus.
924 2078 967 2133 rel
979 2076 1014 2132 ad
1024 2073 1301 2145 sedendnmaptum,

76 2170 93 2201 v
112 2150 190 2207 Duos
208 2157 305 2207 autem
326 2148 438 2206 misitil
462 2150 577 2214 estolae,
599 2147 665 2221 quia
735 2154 905 2218 reparatum
921 2150 1076 2205 haberetur
1096 2160 1146 2214 pro
1167 2143 1302 2217 pauperi·

72 2236 130 2295 per
142 2222 199 2279 duo
213 2220 359 2303 generalia
371 2164 504 2277 maniaco
519 2236 605 2277 omne
620 2236 666 2292 ge·
715 2165 779 2287 ius,
800 2220 847 2291 qui
864 2220 979 2292 propria
991 2221 1122 2292 jumenta
1137 2233 1194 2273 non
1215 2217 1301 2273 habe·

71 2308 131 2350 nus
150 2294 297 2349 bominum
314 2294 349 2349 dc
367 2298 484 2364 peccato
498 2292 664 2350 absolvitur.
716 2293 798 2359 bant;
821 2296 861 2364 et,
876 2292 898 2348 si
923 2291 967 2349 cui
982 2307 1097 2348 necesse
1116 2293 1192 2347 esset
1217 2303 1303 2359 opere

71 2361 569 2437 Qualia,petisillilipesllominam
582 2367 666 2419 Deum
716 2364 759 2419 vel
778 2363 880 2419 itinere
903 2363 1065 2433 uniusdiei,
1092 2379 1126 2420 co
1157 2366 1305 2429 uteretur3

70 2441 155 2493 ruma
167 2452 203 2491 ea
222 2442 278 2493 toto
294 2436 374 2491 cuda
394 2440 449 2503 tuo,
467 2440 540 2503 etc.;
556 2441 582 2490 et
598 2450 665 2506 pro·
715 2434 751 2489 dc
766 2435 1060 2505 cujiissustentatione
1070 2435 1245 2492 habitatores
1257 2447 1303 2488 ur·

71 2509 185 2563 :rimam
211 2511 288 2563 tuum
315 2510 388 2562 sioad
415 2509 541 2578 teipsum.
568 2507 599 2562 ln
621 2505 666 2561 his
716 2506 962 2563 biscommuniter
977 2506 1152 2578 cogitabant,
1170 2506 1220 2562 sed
1236 2518 1303 2560 cum

69 2578 189 2636 duobus
203 2594 290 2635 omne
305 2583 452 2650 peccatum
467 2576 625 2649 expellitur,
639 2581 667 2632 ct
716 2575 781 2648 quis
803 2593 837 2633 eo
861 2579 1004 2644 utebatur,
1024 2594 1074 2648 pro
1101 2583 1232 2648 tempore
1251 2574 1301 2631 illo

71 2649 284 2721 omnisjustitia
293 2654 516 2707 consummatur.
528 2654 581 2705 hut
589 2651 665 2705 certe
736 2648 851 2705 abutum
871 2650 897 2706 ei
917 2650 1014 2717 dabat,
1032 2654 1060 2704 et
1085 2657 1147 2720 post
1164 2662 1246 2704 usum
1266 2645 1303 2701 ad

69 2720 125 2779 illa
137 2720 195 2779 duc
207 2738 215 2777 :
229 2723 307 2789 Quod
318 2723 373 2777 tibi
382 2724 489 2777 acacio
499 2724 569 2792 rtet,
584 2722 667 2777 atteri
716 2666 808 2776 iocum
823 2721 1041 2778 determinatum
1056 2720 1221 2776 reducebat.
1240 2718 1301 2772 illos

68 2793 666 2864 nereeeris3et:Omniaquaecumquevultis
716 2791 804 2861 igitur
816 2791 869 2849 iste
885 2798 949 2848 tunc
963 2791 1149 2862 ierosolymis
1164 2790 1301 2845 servaba-

70 2871 106 2922 ut
118 2866 231 2932 [armat
244 2866 323 2921 vobis
333 2866 467 2932 homines,
480 2869 505 2920 et
517 2881 565 2921 uos
579 2867 667 2932 facite
716 2869 772 2929 tur,
794 2862 841 2919 ubi
866 2864 895 2919 in
914 2865 975 2919 loco
993 2863 1105 2934 publico
1127 2862 1213 2933 ilgata
1240 2862 1303 2915 crat

70 2938 146 2994 ittae.
167 2956 182 2990 v
209 2938 289 2993 Unde
310 2945 339 2993 et
357 2938 498 3005 llemipius
524 2953 566 2991 :o
591 2938 666 2991 Duos
717 2934 809 3002 asina,
826 2941 933 2991 etcum
952 2948 988 2989 ea
1007 2933 1110 3004 pullus,
1127 2931 1175 3003 qui
1197 2928 1303 3002 pariter

72 3006 143 3080 quip
206 3007 295 3077 misit,
320 3013 437 3080 propter
458 3008 531 3064 duos
549 3007 666 3063 ordines
716 3006 753 3062 ad
783 3021 871 3077 opera
898 3002 1061 3061 communia
1090 3002 1302 3060 nutriebantur.

75 3094 136 3151 prae
159 3082 297 3137 icatorum
314 3083 416 3136 missos
428 3078 535 3136 Judaels
549 3084 577 3134 et
591 3079 665 3134 ticn·
717 3077 849 3133 Nondum
865 3076 941 3134 enim
955 3075 1106 3146 quisquam
1122 3090 1186 3130 cum
1203 3087 1303 3129 ascen·

76 3149 166 3218 tibus,
186 3150 258 3220 sive,
272 3150 340 3223 quia
357 3151 414 3208 duo
435 3156 502 3207 sunt
525 3156 667 3223 precepta
717 3148 816 3215 derat;
833 3147 922 3220 etqui
937 3162 1018 3204 asina
1033 3148 1176 3213 utebatur,
1191 3142 1303 3213 utrique

75 3221 220 3290 caritmisi
250 3226 322 3291 sive,
340 3228 458 3296 propter
483 3222 539 3279 duo
568 3224 666 3278 Testa·
717 3220 752 3276 dc
765 3220 867 3291 pabulo
879 3219 1055 3292 providebat.
1072 3216 1301 3275 Subditautem:

75 3300 190 3363 menta3
211 3294 281 3365 sive,
297 3299 414 3368 propter
428 3293 552 3350 litteram
566 3299 595 3350 et
610 3292 666 3365 spi·
717 3294 822 3349 Solvite
844 3298 869 3348 et
890 3292 1021 3347 adducite
1040 3292 1119 3345 mibi.
1148 3287 1198 3345 Ubi
1220 3288 1306 3368 Chry·

73 3364 202 3422 ritum.»
217 3370 253 3423 llt
267 3370 309 3422 ait
324 3369 382 3422 iltis
395 3385 404 3421 a
417 3368 457 3422 lte
468 3368 498 3421 in
511 3367 665 3427 castellum,
717 3368 851 3418 sostomtts
865 3383 873 3419 :
889 3387 898 3412 v
916 3366 986 3419 Ecce
1001 3361 1087 3433 igitur
1117 3375 1181 3417 uim
1197 3358 1305 3415 humile

74 3435 223 3495 scilicelin
236 3438 406 3507 Jerusalem,
421 3438 495 3508 quod
509 3444 603 3493 contra
619 3452 667 3492 vos
718 3441 745 3490 et
760 3434 972 3507 contemptibile
986 3434 1092 3490 animal
1127 3431 1234 3488 hristus
1248 3432 1306 3487 ilex

72 3515 125 3573 est,
147 3508 175 3564 id
196 3514 240 3565 est
254 3525 352 3566 coram
368 3511 450 3566 vobis
465 3512 521 3577 est;
538 3515 566 3566 et
585 3506 667 3564 vobis
719 3522 817 3578 regum
846 3507 932 3590 elegit
955 3506 992 3563 ad
1019 3505 1214 3571 insidendum,
1241 3517 1305 3559 cum

71 3597 108 3637 er
120 3580 252 3653 opposito
266 3581 391 3653 positum
403 3581 439 3637 ad
452 3580 578 3637 radicem
595 3579 665 3636 alte·
717 3579 875 3635 Jerusalem
890 3578 1101 3649 ingrederetur.
1120 3598 1134 3629 n
1152 3580 1188 3633 ut
1204 3577 1231 3629 st
1243 3576 1308 3646 quis

71 3650 135 3709 rius
148 3652 265 3722 montis,
280 3651 391 3709 scilicet
405 3651 486 3710 Sion.
506 3653 564 3708 lloc
580 3651 666 3707 etiam
717 3651 794 3705 cobis
807 3651 918 3721 aliquid
926 3651 1132 3714 dicerit,dicite
1142 3651 1209 3720 quia
1218 3648 1308 3702 bomi-

72 3721 155 3793 dicit,
170 3725 248 3796 quod
263 3723 517 3782 contradictionem
541 3724 667 3779 tuturam
717 3738 780 3788 aas,
796 3722 904 3778 scilicet
917 3723 1111 3789 omniumbts
1126 3734 1194 3791 opus
1208 3719 1304 3785 baben

72 3793 105 3851 in
121 3796 284 3853 Jerusalem
301 3801 403 3852 contra
426 3795 574 3860 apostolos
593 3810 667 3866 prae·
718 3799 743 3849 et
758 3795 913 3860 confestim,
929 3792 992 3849 sine
1007 3791 1246 3853 contradictione,
1265 3788 1308 3842 di-

72 3865 202 3923 videbat.
215 3869 248 3923 Et
262 3866 331 3923 dicit
345 3865 584 3935 castellumquia
599 3880 668 3922 usus
717 3866 808 3920 mittet
825 3881 878 3920 eos.
900 3864 973 3921 Dicit
991 3863 1069 3920 enim
1093 3862 1169 3918 idem
1190 3860 1307 3939 chryso·

73 3952 167 3995 sacras
178 3937 334 4010 Scriptiirae
349 3937 557 4009 estaliquando
569 3936 668 3993 castel·
718 3942 832 3999 stamas.
849 3937 925 4008 quod
945 3934 1034 3991 virtus
1055 3934 1159 3990 Christi
1176 3937 1265 3985 movit
1279 3932 1308 3985 el

74 4008 135 4065 lum
244 4010 370 4077 civitate,
395 4015 425 4066 et
453 4009 599 4066 civitatem
616 4024 668 4080 pro
718 4008 890 4090 praeparavit
904 4024 954 4064 cor
969 4005 1092 4069 domini,
1106 4003 1135 4059 id
1150 4008 1195 4056 est
1209 4010 1307 4082 custo-

77 4080 163 4137 castel
178 4096 206 4148 c,
224 4097 339 4153 ponere.
360 4083 419 4150 vet,
447 4080 550 4138 dieitur
565 4080 669 4137 castel·
719 4080 763 4136 dis
785 4079 899 4136 illorum
915 4078 1092 4140 animalium,
1110 4080 1139 4129 ut
1155 4070 1305 4152 confestim

73 4150 146 4218 lum,
162 4160 280 4227 propter
294 4153 350 4211 loci
366 4153 453 4213 eitum
470 4158 499 4209 et
522 4152 667 4215 tortitudi-
718 4153 874 4213 adverbum
902 4147 1110 4220 discipulorum
1141 4143 1223 4203 daret
1253 4157 1305 4210 cis,

73 4238 153 4293 nem,
189 4223 237 4287 iiia
252 4231 288 4285 tri
311 4225 357 4287 liei
379 4240 470 4301 muro,
496 4241 531 4285 ac
556 4242 606 4298 pro
631 4244 667 4283 u·
719 4223 848 4303 quamvis
863 4220 979 4298 ignotis.

74 4310 151 4379 gnae
193 4302 263 4359 ret
286 4241 453 4369 ivitatem,
486 4240 697 4373 admetiatur
756 4299 911 4362 savarici
924 4306 1104 4358 crastiuum
1120 4304 1258 4363 castrati,
1271 4304 1309 4353 nt·
