2820 4928
143 332 172 392 ll
494 337 654 392 sectius
682 338 800 394 ululis
828 337 933 393 ellim
961 335 1011 390 vll

144 447 221 506 uude
235 443 339 505 dieitur
354 443 470 515 ibidem,
489 446 564 516 quod
589 448 670 517 pater
683 442 731 502 vi-

144 520 216 577 dens
242 535 306 576 eum
330 536 337 576 ε
366 518 558 576 Misericordia
583 523 673 574 motus
691 522 732 575 est

143 608 227 664 super
245 607 315 658 eum,
337 596 392 647 etc.

182 665 359 720 aPannnona
381 679 442 719 evis
461 679 601 720 nnnnums.
616 693 651 705 -
670 665 730 721 Re-

143 735 311 806 spondendo
326 750 396 805 ergo
412 735 519 793 Scribis
534 741 563 791 et
577 734 731 793 Pharisaeis

144 805 398 870 murmurantibus,
419 805 565 879 suhjnngit
592 806 730 865 Dominus

143 876 236 949 primo
261 878 424 947 parabolem
438 878 522 935 nnius
535 876 596 934 ovis
611 895 643 935 ex
659 895 730 936 cen-

143 954 204 1005 tum
218 949 352 1018 errantis,
362 966 449 1021 qnam
464 949 614 1024 quaesitam
630 957 658 1007 et
668 956 729 1008 tan·

145 1020 208 1076 dem
228 1020 385 1091 inventam,
400 1021 467 1094 quia
481 1027 597 1095 propter
610 1021 729 1078 inilrmi·

140 1096 229 1149 talem
244 1093 392 1151 ambulare
408 1111 464 1152 non
490 1096 612 1164 poterat,
631 1100 729 1166 pastor

143 1164 239 1221 bonus
262 1163 291 1221 in
318 1165 446 1223 humeris
472 1165 530 1223 suis
557 1165 594 1222 ad
632 1182 729 1237 regem

144 1235 284 1307 reliquum
299 1243 439 1310 reportat,
450 1242 479 1295 et
488 1236 605 1295 veniens
613 1181 728 1295 gemunt

144 1314 280 1366 convocat
295 1309 403 1367 amicos
418 1316 447 1368 et
460 1309 579 1379 vicinos,
599 1309 636 1366 ad
654 1326 729 1366 cou-

142 1381 345 1451 gratulandum
371 1381 426 1439 sibi
450 1397 536 1452 super
563 1381 729 1438 inventione

143 1450 204 1507 ovis
223 1468 286 1524 qnae
307 1452 442 1523 perierat.
461 1451 610 1510 Sententia
632 1451 727 1523 itaque

141 1521 228 1592 hujus
259 1523 359 1594 primm
389 1523 543 1592 parabole,
572 1523 727 1580 secundnm

142 1593 259 1661 Lucam,
274 1592 340 1649 talis
354 1600 398 1650 est
418 1593 448 1650 in
464 1610 578 1651 summa
593 1617 600 1651 z
617 1594 642 1650 si
665 1596 728 1667 quis

140 1679 223 1720 ovem
240 1663 382 1735 perditam
408 1671 506 1736 postea
529 1665 673 1722 inventam
688 1665 728 1721 li-

141 1735 243 1793 benter
269 1735 380 1807 recipit,
396 1753 454 1793 non
470 1737 555 1795 debet
571 1735 670 1793 mirari
684 1739 728 1794 vel

142 1806 297 1889 indignari,
325 1809 349 1864 si
377 1816 541 1881 peccatores
559 1807 665 1892 recipio
691 1809 728 1866 ad

140 1878 350 1950 poenitentiam,
366 1880 416 1952 qui
431 1880 511 1953 prius
530 1882 625 1938 amissi
645 1888 728 1938 erant

141 1965 194 2022 per
205 1950 328 2024 culpam.
357 1953 415 2020 Vel,
436 1953 587 2010 referendo
608 1969 669 2009 eam
690 1953 727 2010 ad

138 2021 268 2094 pusillos,
284 2024 435 2096 dequibus
451 2023 558 2083 dietum
571 2029 616 2083 est
628 2041 725 2097 supra,

140 2094 206 2150 talis
225 2101 269 2152 est
289 2096 375 2168 hujus
397 2098 541 2169 parabolae
561 2097 725 2154 sententia:

139 2164 212 2221 sicut
241 2183 298 2222 non
317 2175 361 2224 est
379 2169 512 2225 voluntas
536 2167 668 2241 pastoris,
696 2171 728 2226 nl

159 2242 238 2292 creat
252 2237 288 2293 de
301 2238 402 2295 ovibus
416 2241 486 2301 suis.
502 2238 542 2296 sie
553 2255 610 2296 non
624 2245 667 2295 est
680 2256 727 2296 vo·

138 2250 237 2364 fumas
253 2310 343 2365 Patris
351 2309 524 2377 coelestis,ut
532 2316 631 2393 pereat
640 2327 725 2380 unns,

139 2378 287 2436 necetiam
296 2379 379 2437 multi
395 2381 431 2439 de
446 2381 563 2454 pusillis,
573 2398 625 2439 nec
640 2381 725 2439 eliam

140 2450 176 2507 de
200 2449 283 2519 altis;
308 2459 337 2508 et
365 2468 433 2525 ergo
458 2453 578 2526 pusillus
601 2470 659 2510 non
683 2461 726 2510 est

138 2523 381 2591 contemnendus;
401 2523 426 2580 si
452 2530 548 2582 autem
563 2525 646 2598 perit,
667 2542 724 2581 non

138 2594 285 2651 voluntate
303 2594 393 2651 Patris
408 2596 529 2654 coelestis
553 2596 637 2669 perit,
657 2596 726 2668 quia

137 2680 190 2721 nee
200 2667 346 2723 voluntate
358 2667 583 2749 approbationis,
598 2669 643 2725 vel
657 2685 725 2725 cen-

136 2735 202 2805 silii,
219 2738 264 2794 vel
276 2753 367 2809 praece
389 2749 409 2794 u
422 2739 484 2812 ejus
498 2744 614 2811 peecal;
628 2756 662 2797 eo
681 2744 724 2796 ta-

136 2823 201 2865 men
229 2815 344 2867 auctore
379 2816 526 2882 amnatnr,
547 2810 614 2883 quia
631 2813 724 2868 omnis

135 2881 340 2955 poenaabipso
358 2888 410 2942 est.
615 2885 620 2895 '

169 2957 186 3010 5
206 2956 313 3012 Serena
336 2973 365 3013 ιιι
383 2973 435 3013 nae
449 2972 590 3014 rnnnnonn
610 2973 722 3012 ursrrce

133 3040 269 3084 uersum.
286 3058 320 3070 -
336 3030 367 3084 ln
384 3028 439 3085 bac
458 3033 554 3087 tamen
576 3028 721 3100 parabola,

133 3097 417 3156 secundum'sensum
432 3116 458 3156 m
478 3100 591 3170 sticum,
602 3106 723 3169 tangun-

132 3171 180 3221 tur
194 3175 302 3237 septem
317 3168 346 3226 in
364 3117 478 3240 speciei
545 3186 645 3227 uorum
663 3170 722 3243 pri·

134 3251 211 3318 mum
227 3245 271 3318 est
283 3238 407 3296 bominis
418 3247 447 3296 et
457 3188 630 3313 Angeiorum
645 3257 723 3297 erea-

132 3312 183 3375 tio,
199 3307 238 3364 rbi
256 3310 341 3377 :Quis
355 3327 390 3367 ee
401 3312 478 3368 vobis
488 3315 566 3369 bomo
578 3314 628 3382 qui
642 3312 722 3369 babet

132 3383 239 3434 eentum
252 3396 329 3446 oues:
343 3383 636 3453 seeundum,bominis
645 3399 722 3440 crea·

132 3448 154 3505 ti
169 3450 377 3524 prevaricatio,
393 3454 431 3511 ibi
449 3472 456 3510 :
473 3458 511 3512 Et
529 3457 555 3510 si
588 3455 722 3511 ediderit

135 3538 220 3578 unum
237 3538 271 3579 ee
293 3525 369 3593 illice
394 3526 521 3591 tertium,
537 3472 600 3583 miii
614 3527 665 3584 Dei
685 3527 721 3584 ad

132 3593 321 3663 quarendum
341 3612 422 3654 ovem
444 3597 598 3671 perditam,
613 3597 722 3656 seilicet

132 3662 290 3737 hominem,
304 3669 476 3737 incarnatio,
492 3669 531 3727 ibi
546 3687 554 3726 ι
569 3674 666 3730 Nonne
680 3672 721 3726 di·

131 3737 219 3792 mittit
244 3744 397 3808 nonaginta
422 3758 516 3799 nouem
539 3745 570 3799 in
594 3743 721 3813 deserto;

131 3816 275 3890 quartum,
284 3810 370 3880 ipsius
379 3829 430 3885 per
442 3814 544 3872 Christi
556 3813 719 3872 Passionem

133 3880 270 3952 inventio,
288 3881 328 3939 ibi
345 3888 403 3942 elit
419 3902 479 3942 eum
493 3889 630 3943 inuenerit
649 3903 719 3958 eam,

130 3953 249 4034 imponit
276 3956 306 4010 in
335 3957 461 4013 humeros
485 3973 548 4014 suos
576 3959 719 4027 gaudeam

129 4031 269 4095 quintum,
283 4027 423 4085 ineoelum
434 4029 496 4101 ejus
509 4031 654 4099 Ascensio,
668 4030 717 4086 ibi:

129 4097 166 4153 m
180 4099 290 4154 veniens
304 4099 432 4170 demum
450 4106 572 4165 sextum,
596 4100 719 4173 Angelo-

130 4182 195 4248 rum
209 4169 244 4224 ad
263 4169 318 4227 sibi
330 4172 588 4245 congratulandum
614 4171 720 4229 invita·

129 4242 181 4306 tro,
194 4240 233 4296 ibi
250 4259 257 4297 ε
274 4242 408 4303 Geueeeet
424 4246 536 4312 emices,
547 4244 641 4300 dicem
655 4246 718 4301 eis:

133 4307 373 4378 congratulemini
386 4314 641 4388 mileseptimum,
655 4332 720 4375 sen·
743 4326 747 4367 ι
769 4315 899 4388 deposui,
912 4315 941 4373 in
955 4316 1003 4373 illa
1017 4313 1136 4387 patibuli
1155 4316 1259 4375 nobilis
1273 4329 1357 4375 cruce

754 3936 756 3941 .
769 3900 835 3942 men

782 458 831 500 sus
846 441 955 516 mystici
982 441 1136 516 expressio,
1156 443 1194 502 ibi
1212 460 1221 501 t
1242 446 1309 503 llice
1327 462 1369 505 eo·

783 515 825 571 bis
850 516 924 586 qued
949 517 991 571 ita
1019 516 1154 584 gaudium
1173 520 1229 573 erit
1247 520 1279 573 iu
1298 522 1369 588 coelo,

781 603 863 660 super
873 604 925 643 one
937 592 1077 659 peccatore
1084 590 1279 659 penitentiam
1294 608 1371 661 egeu-

782 665 817 727 te,
834 675 919 730 quem
931 675 1018 731 supra
1030 663 1185 729 nonaginta
1200 676 1303 717 novem
1322 664 1370 734 ju·

781 734 842 802 stis,
854 731 1101 813 quincuindipent
1107 734 1290 859 penitentie.
1303 735 1372 803 Quia

781 819 848 860 vero
866 807 1106 875 centenariusper
1117 811 1198 860 ectus
1212 811 1257 862 est
1274 822 1371 864 nume·

781 890 840 944 rus,
853 872 914 946 ipse
926 875 1010 943 Deus,
1025 875 1181 932 seeundum
1193 876 1369 947 Gregoriam

781 953 896 1003 centum
911 960 979 1003 eves
994 947 1105 1015 babuit,
1118 962 1182 1003 cum
1194 948 1372 1022 Angelorum

780 1023 809 1075 et
824 1019 972 1074 bominum
992 1025 1124 1075 naturam
1137 1018 1250 1076 creavit
1264 1028 1295 1078 et
1309 1037 1371 1103 pos·

781 1088 870 1158 sedit,
892 1089 1018 1146 seduna
1045 1089 1105 1147 ovis
1123 1097 1191 1148 tune
1217 1102 1330 1149 erravit
1347 1100 1372 1150 et

780 1162 875 1233 periit,
898 1176 964 1217 cnm
990 1163 1074 1219 bomo
1102 1162 1250 1288 peccando
1269 1181 1372 1236 pasena

780 1232 845 1290 vitre
859 1232 985 1304 reliquit.
995 1236 1029 1289 Et
1043 1234 1101 1290 inte
1113 1234 1212 1305 ligitur
1222 1252 1276 1306 per
1290 1253 1371 1293 unam

780 1321 861 1361 ovem
878 1307 975 1374 bomo,
993 1307 1022 1361 et
1033 1306 1085 1362 sub
1104 1306 1223 1363 bomine
1235 1323 1295 1364 uno
1310 1311 1369 1364 uni-

779 1378 898 1433 versitas
912 1375 1039 1433 vimnium
1054 1378 1217 1460 bominum,
1235 1380 1370 1451 aprinci-

780 1450 826 1520 pio
845 1464 933 1521 usque
952 1448 1093 1505 adfinem
1115 1449 1227 1519 mundi,
1244 1454 1370 1508 sentien-

779 1520 816 1577 da
832 1527 894 1589 est,
911 1519 978 1593 quia
991 1536 1067 1577 nnus
1091 1527 1203 1577 creatus
1219 1529 1265 1579 est
1283 1523 1369 1580 bomo

781 1592 855 1648 unde
876 1607 975 1648 omnes
995 1592 1153 1662 prodirent,
1176 1596 1207 1649 et
1236 1594 1265 1650 in
1287 1597 1370 1651 unius

778 1663 902 1720 heminis
912 1680 1010 1720 errore
1022 1680 1106 1721 omne
1115 1663 1266 1722 bominum
1279 1682 1370 1738 genus

778 1734 931 1793 oberravit.
958 1735 1119 1809 Nonaginta
1135 1742 1234 1793 aulem
1252 1754 1368 1803 novem,

779 1807 807 1863 id
835 1814 877 1863 est
902 1823 1004 1864 novem
1034 1807 1150 1864 ordines
1178 1809 1368 1881 Angelorum,

779 1879 854 1934 idem
868 1878 1094 1952 enimsignibcat
1105 1895 1242 1937 numerus
1251 1882 1369 1954 simplex

778 1957 807 2006 et
821 1952 1004 2022 compositus,
1017 1949 1124 2008 dimisit
1138 1953 1252 2009 ratione
1268 1953 1367 2010 huma·

778 2021 875 2079 nitatis
896 2028 1059 2095 assumptae,
1076 2024 1105 2079 in
1120 2022 1248 2093 deserto,
1264 2024 1368 2082 sivein

777 2093 921 2150 montibus
937 2099 964 2150 et
980 2093 1107 2165 excelsis,
1124 2095 1153 2151 id
1169 2100 1215 2152 est
1229 2096 1260 2154 in
1283 2096 1366 2167 coelo,

778 2166 852 2237 quod
876 2172 906 2222 et
930 2165 1059 2223 diabolus
1077 2168 1208 2224 ethome
1229 2168 1366 2239 deseruit,

777 2236 892 2309 quande
907 2236 1042 2308 peccavit.
1056 2236 1166 2295 Goelum
1180 2240 1289 2311 quippe
1301 2240 1367 2297 dici-

777 2313 824 2366 tnr
840 2309 993 2377 desertum,
1010 2310 1092 2365 idest
1105 2309 1288 2381 derelictum,
1307 2320 1365 2369 tum

777 2382 843 2451 quia
861 2380 914 2436 init
936 2380 1102 2438 derelictum
1124 2382 1160 2438 ab
1176 2383 1299 2456 Angelo,
1320 2384 1365 2456 qui

776 2451 969 2509 incoluerat
990 2458 1121 2521 creatum
1145 2461 1208 2510 tum
1228 2455 1298 2526 quia
1315 2456 1366 2511 init

777 2524 943 2580 derelictum
952 2524 988 2581 ab
999 2524 1124 2596 homine,
1136 2526 1183 2596 qni
1200 2526 1297 2596 ipsum
1309 2528 1363 2584 ine·

776 2603 821 2651 rat
839 2595 1005 2665 habiturus;
1023 2594 1102 2665 item,
1122 2597 1189 2668 quia
1208 2599 1301 2655 instar
1315 2599 1363 2655 de·

776 2666 855 2735 serti,
864 2668 894 2723 in
904 2683 938 2723 eo
952 2673 1017 2724 sunt
1032 2668 1127 2724 dulces
1141 2675 1243 2725 cantus
1256 2672 1361 2736 evium,

775 2738 803 2793 id
819 2744 863 2794 est
884 2739 1068 2811 Angelorum,
1084 2739 1179 2811 ibique
1198 2748 1267 2797 sunt
1288 2758 1358 2797 roser

775 2811 941 2881 Martyrum,
958 2826 991 2866 ae
1002 2812 1084 2867 violae
1100 2811 1316 2881 Coniessorum,
1332 2818 1359 2869 et

774 2880 833 2938 lilia
843 2883 1000 2953 Virginum.
1014 2883 1059 2951 Et,
1072 2890 1102 2939 ut
1115 2882 1240 2955 perlecta
1250 2899 1361 2941 summa

774 2953 869 3010 evium
884 2954 1109 3025 reintegraretur
1122 2953 1152 3010 in
1167 2956 1251 3024 coelu,
1267 2957 1360 3013 bomi-

773 3041 840 3082 nem
857 3025 999 3096 perditum
1012 3026 1160 3098 quaerebet
1172 3025 1202 3082 in
1216 3032 1307 3085 terra.
1331 3028 1362 3083 Et

773 3097 921 3154 inveniens
936 3113 1029 3166 ovem,
1044 3099 1170 3155 humeris
1187 3099 1246 3154 suis
1270 3098 1361 3172 impu·

773 3170 838 3239 suit,
856 3175 884 3224 et
907 3169 944 3225 ad
964 3185 1080 3242 gregem
1101 3168 1269 3240 reportavit.
1291 3171 1358 3227 Cum

773 3257 841 3312 ergo
857 3246 954 3312 pastor
974 3239 1035 3312 pius
1049 3256 1131 3297 ovem
1155 3241 1299 3312 perditam
1314 3257 1359 3298 re·

772 3313 901 3384 perisset,
917 3327 973 3367 nou
988 3310 1107 3382 punivit,
1119 3327 1177 3369 non
1187 3312 1359 3381 verberavit,

772 3399 830 3439 non
850 3383 978 3456 urgendo
1001 3385 1038 3439 ad
1061 3398 1178 3457 gregem
1192 3383 1293 3455 duxit3
1309 3386 1358 3442 sed

772 3470 968 3527 superponens
995 3454 1141 3512 humiliter
1168 3457 1308 3527 humeris,
1333 3462 1359 3511 et

772 3532 888 3598 portans
901 3527 1067 3597 clementer,
1091 3527 1172 3600 gregi
1186 3542 1359 3586 annumera-

770 3597 821 3655 vit.
837 3600 915 3655 Tunc
934 3614 1002 3654 vero
1020 3614 1103 3655 ovem
1118 3598 1246 3655 humeris
1261 3615 1361 3670 repor-

770 3675 835 3726 tans
858 3668 1003 3740 imposuit,
1025 3671 1138 3741 quando
1157 3676 1290 3728 naturam
1314 3672 1361 3727 bu·

770 3757 885 3798 manem
915 3743 1084 3812 suscipiens,
1114 3746 1231 3813 peccata
1261 3748 1360 3799 nostra

770 3812 1358 3958 lllilllillltllllllltlil

1352 3928 1359 3953 i

769 3962 798 4013 et
817 3959 845 4013 in
862 3956 986 4014 brachiis
1014 3957 1075 4014 suis
1088 3957 1118 4013 in
1137 3972 1222 4013 eruce
1237 3958 1359 4014 extensis

770 4036 887 4099 peccata
898 4029 1035 4099 bominis,
1051 4028 1082 4085 id
1099 4032 1141 4085 est
1160 4043 1277 4099 poenam
1292 4045 1358 4102 pec-

769 4107 898 4157 catorum
913 4106 1086 4171 nostrorum,
1099 4100 1234 4172 portavit.
1251 4101 1298 4170 m,
1309 4116 1359 4167 ¹se·

769 4176 893 4229 eundum
907 4172 1096 4240 Ambrosium,
1116 4172 1229 4228 humeri
1249 4170 1357 4229 Christi

768 4244 860 4300 crucis
875 4242 992 4301 brachia
1001 4249 1067 4300 sunt
1079 4261 1086 4299 :
1096 4243 1153 4299 illic
1165 4259 1229 4300 mea
1237 4250 1359 4327 peccata
