2820 4928
141 357 172 411 66
496 347 657 400 SEUUNUAE
684 347 804 403 murts
832 344 936 397 utrm
963 343 1011 394 tx.

142 459 295 526 iatronem,
306 470 366 511 non
375 453 580 525 lacrymantem
594 453 727 533 peccatri-

143 547 217 598 cem,
233 545 291 585 non
307 526 497 583 Chananteam
510 524 725 594 supplicantem,

142 618 200 658 nou
224 599 431 671 deprehensam
449 593 480 650 in
498 595 648 663 adulterio,
669 613 726 653 non

142 673 287 729 sedentem
304 668 332 725 iu
355 667 472 735 telonio,
490 682 547 722 nou
564 667 727 739 supplican-

141 748 199 800 tem
219 740 411 815 publicanum,
428 754 486 794 non
508 746 660 808 negantem
684 741 726 795 di·

144 814 297 887 scipulum,
309 829 366 869 nou
382 815 593 882 persecutorem
608 811 728 883 discipu-

143 886 248 955 lorum,
264 901 323 941 uon
344 882 353 939 i
375 898 422 939 sos
447 881 628 939 crucifixores
652 888 725 939 tuos.

140 958 210 1015 Tam
223 955 333 1013 validus
365 952 469 1025 enique
481 969 512 1010 es
525 953 562 1009 ad
569 953 727 1025 justifican-

140 1026 220 1097 dum,
235 1043 321 1100 quam
338 1026 444 1084 multus
458 1026 495 1081 ad
510 1024 518 1080 i
540 1027 726 1083 noscendum.

143 1041 726 1172 Curritsponsa,curruutatfolescentuiae;

141 1172 193 1231 sed
208 1188 272 1245 quae
285 1173 363 1229 emat
377 1167 535 1235 ardentius,
547 1169 636 1227 currit
649 1170 727 1228 relo-

141 1242 214 1315 cius,
231 1248 259 1302 et
285 1243 417 1317 pervenit
440 1240 533 1299 citius.
559 1261 574 1297 »
601 1242 681 1299 Unde
699 1247 728 1298 et

142 1317 377 1399 Ubrpsostomusf
401 1336 411 1364 ι
434 1311 527 1371 Liberi
550 1312 656 1439 quippe
674 1328 728 1370 nos

69 1436 73 1441 .
141 1387 252 1446 arbitrii
280 1390 387 1444 creauit
414 1386 498 1453 Deus,
525 1391 557 1441 ut
580 1401 615 1440 vo
629 1389 728 1441 untate

143 1466 243 1516 nostra
254 1475 318 1515 cum
329 1454 473 1528 adiutorio
484 1454 545 1525 Uei,
556 1456 632 1525 quod
647 1456 729 1512 reiu-

142 1546 216 1599 mus,
224 1529 369 1585 iaciamus.
380 1526 409 1583 Si
419 1526 586 1596 publicanus
596 1543 637 1594 cs,
648 1534 729 1598 potes

142 1599 207 1657 fleri
226 1598 424 1679 Evangelista3
443 1597 467 1652 si
488 1597 672 1678 blasphemus
687 1616 729 1668 es,

142 1678 225 1744 potes
252 1672 315 1726 iicrt
344 1670 509 1741 Apostolum
540 1685 563 1724 sr
590 1670 662 1725 latro
686 1687 728 1739 es,

141 1747 224 1815 potes
234 1738 350 1813 paridisi
360 1740 477 1796 colonus
487 1739 577 1808 et'tici3
594 1740 617 1796 si
630 1757 729 1812 magus

143 1830 184 1882 es,
199 1818 280 1895 potes
293 1814 382 1869 Deum
395 1813 526 1869 adorare.
543 1814 600 1869 Nee
612 1820 656 1869 cst
672 1814 729 1870 ulia

141 1884 261 1954 malitia,
269 1900 332 1956 quae
344 1881 510 1956 poenitentia
519 1901 577 1940 non
590 1884 726 1942 solvatur.

140 1958 176 2013 Et
189 1956 253 2013 ideo
270 1963 417 2028 tamquam
439 1955 583 2029 praecipua
600 1956 729 2028 maligui·

142 2032 233 2086 tatum
248 2029 334 2102 elegit
346 2027 485 2090 Christus,
496 2035 528 2086 ut
538 2045 622 2085 nemo
638 2045 729 2100 usque

141 2099 171 2157 in
191 2102 278 2157 finem
300 2099 483 2181 semetipsum
499 2099 646 2172 despiciat.
667 2100 728 2158 Noli

141 2171 213 2228 mibi
226 2171 322 2228 dicere
332 2189 339 2227 r
350 2170 424 2227 Perti
436 2188 443 2239 ;
459 2171 516 2227 noli
528 2171 597 2227 mibi
612 2172 707 2228 dicere
719 2189 726 2227 :

143 2241 271 2299 Peccavi.
287 2244 321 2299 m
344 2241 458 2313 quidem
480 2241 621 2298 medicum
641 2244 730 2300 babes

142 2312 212 2369 satis
227 2312 385 2382 fortiorem,
394 2317 422 2368 et
431 2312 632 2384 potentiorem,
644 2329 730 2385 quam

143 2382 298 2440 infirmitas
324 2389 373 2441 tua
398 2388 451 2441 est.
474 2383 611 2440 Medicum
640 2386 730 2443 babes

142 2455 320 2512 voluntatem
338 2459 428 2524 tuam,
442 2452 465 2512 si
481 2455 615 2527 volueris,
632 2472 729 2514 emen·

142 2526 270 2594 dautem,
286 2531 316 2583 et
335 2532 492 2598 potentem,
509 2532 538 2584 et
558 2528 727 2600 cupientem.

143 2598 213 2656 Cum
231 2597 306 2655 enim
324 2614 383 2654 non
402 2597 582 2669 subsisteres,
598 2599 664 2656 iecit
683 2605 727 2671 te;

143 2674 173 2726 et
195 2668 262 2750 quia
280 2684 430 2742 perversus
448 2685 479 2726 es
497 2670 616 2727 edectus
640 2672 729 2729 multo

141 2756 234 2812 magis
244 2741 398 2798 emendare
408 2746 436 2797 te
449 2741 561 2812 poterit.
574 2714 630 2800 Seri
643 2743 728 2800 sorsi-

142 2817 192 2870 tnn
204 2812 282 2871 dices
295 2812 463 2882 :Quomodo
478 2813 584 2886 poterit
597 2820 728 2886 peccator

142 2883 245 2943 similis
265 2901 328 2943 esse
348 2884 476 2943 Saneusr
496 2885 558 2942 Noli
582 2885 729 2958 requirere

142 2973 199 3031 qua
212 2963 285 3029 arte,
297 2958 355 3015 noli
369 2957 490 3014 scrutari
505 2957 662 3026 rationem;
679 2958 730 3014 sed

143 3029 727 3102 credeclemontiaeetbeniguitatidiriuae.

143 3102 199 3159 Sed
212 3101 283 3157 dicis
292 3120 299 3158 :
308 3101 433 3158 Grandia
446 3107 512 3157 sunt
525 3107 641 3173 peccata
655 3117 728 3170 mea,

144 3176 172 3228 ot
186 3171 328 3228 immensa
347 3171 456 3228 scelera
471 3188 543 3228 mee.
560 3175 594 3227 Et
609 3172 672 3243 quis
687 3180 730 3229 est

144 3241 208 3297 sine
222 3242 362 3314 peccato?
378 3242 432 3298 Sed
447 3257 512 3312 ego,
528 3242 632 3313 inquis,
643 3245 730 3315 pessi·

144 3328 201 3380 me,
214 3320 242 3368 et
252 3328 338 3384 super
350 3328 464 3368 omnem
474 3313 629 3369 bominem.
644 3317 730 3371 suiti-

144 3382 184 3439 cit
196 3382 258 3452 tibi,
267 3384 302 3439 ad
317 3383 488 3455 placandum
501 3385 601 3453 Deum,
611 3401 730 3457 peccare

143 3453 286 3523 desinere,
297 3460 326 3511 et
339 3454 516 3512 benefacere.
529 3454 578 3511 Uie
595 3461 623 3512 tu
639 3457 727 3528 prior,

143 3523 248 3596 inquit,
260 3524 424 3597 iniquitates
437 3532 501 3583 tuas
512 3532 542 3583 ut
549 3526 727 3597 justificeris.

143 3598 327 3668 Recognosce
349 3596 415 3670 quia
439 3603 470 3654 tu
492 3605 637 3671 peccasti;
658 3600 728 3657 etsi

142 3667 729 3740 agnoveris,iuitiumcorrectionisiactum

140 3738 252 3797 esttibi.
266 3741 518 3813 Suspira,moestus
531 3750 603 3811 este,
613 3744 727 3801 ess'unde

137 3810 286 3886 lacrymas.
299 3814 354 3869 Nec
364 3813 441 3869 enim
451 3814 531 3871 atiud
542 3815 610 3887 quid
625 3816 726 3873 etiodit

138 3883 273 3941 meretrix
293 3882 351 3953 iiia,
368 3885 417 3941 sed
436 3885 568 3958 lacrymis
583 3887 724 3959 poeniten·

138 3957 208 4013 tiam
223 3955 388 4025 sociavit,et
399 3956 459 4028 ipsa
471 3958 585 4020 comite.
595 3965 725 4028 pervenit

138 4030 174 4086 ed
183 4032 306 4084 iontem:
319 4052 332 4079 o
345 4031 405 4084 baec
419 4033 635 4097 Uttrpsostomus.
648 4031 725 4086 Unde

139 4107 224 4158 etrum
241 4101 403 4169 Grcporirrs:
420 4104 466 4156 «A
487 4099 546 4171 spei
558 4117 625 4170 ergo
642 4101 724 4156 certi-

139 4172 240 4229 tudine
258 4173 335 4229 uulla
350 4188 401 4228 nos
411 4172 551 4228 malorum
562 4178 726 4229 nostrorum

141 4244 273 4315 qualitas,
290 4245 367 4302 nuile
382 4243 526 4327 quantitas
540 4244 663 4315 t'rengat.
678 4246 726 4300 id-

142 4314 218 4373 circo
232 4315 309 4375 enim
324 4320 505 4391 ommpotens
526 4314 601 4374 Deus
620 4316 727 4374 eiectos

782 468 849 509 suos
868 452 896 506 in
920 448 1093 521 quibusdam
1119 449 1257 522 lapsibus
1279 452 1364 508 cedere

781 521 931 597 permittit,
942 528 971 578 ut
983 520 1047 577 aiiis
1057 521 1089 576 iu
1099 522 1194 594 euipa
1205 524 1365 596 jacentibus,

783 596 805 653 si
835 601 893 652 toto
919 593 955 649 ad
979 609 1044 649 eum
1071 595 1164 650 corde
1195 603 1366 667 consurgant,

783 683 861 740 spem
871 664 1067 722 veniaereddat
1077 681 1085 732 3
1095 671 1122 720 et
1135 665 1183 722 eis
1193 669 1367 739 periamrntr

781 735 1368 812 poenitentiaeriampietatisaperiat.Qeia,

783 811 830 884 qui
855 810 959 866 multos
978 825 995 864 a
1016 807 1073 864 suis
1091 807 1306 880 iniquitatibus
1322 813 1369 883 jan

783 887 898 939 sanatos
917 879 1082 953 aspicimus,
1098 880 1172 962 quid
1196 883 1281 940 atiud
1299 897 1370 955 quan

783 969 914 1025 supernae
938 951 1143 1009 misericordiae
1171 954 1287 1027 pignus
1304 961 1370 1012 tene·

783 1023 871 1084 mus?
884 1046 899 1077 o
920 1023 1092 1081 utiterum:
1108 1043 1122 1077 u
1141 1026 1225 1093 Quid
1242 1025 1370 1099 itaqueiu

783 1098 838 1155 hac
847 1113 879 1155 re
889 1097 1024 1153 debemus
1034 1095 1182 1167 aspicere,
1191 1097 1251 1155 nisi
1264 1099 1371 1156 immen-

784 1185 845 1227 sam
858 1166 1083 1225 misericordiam
1096 1169 1274 1227 conditoris
1284 1168 1370 1235 nostri,

784 1240 832 1313 qui
842 1239 926 1296 nobis
935 1239 1014 1296 velut
1023 1238 1052 1295 in
1062 1237 1150 1311 signo
1164 1242 1206 1298 ad
1220 1243 1371 1315 exemptum

784 1310 958 1384 poenitentiae
972 1310 1065 1393 posuit
1079 1327 1143 1381 eos,
1159 1329 1240 1385 quos
1255 1330 1310 1388 per
1323 1329 1370 1386 pe

785 1383 936 1441 nitentiam
953 1399 1048 1439 vivere
1066 1388 1134 1454 post
1162 1385 1284 1455 lapsum
1309 1384 1371 1442 iecit

785 1454 895 1513 Etenim
915 1453 985 1511 nihii
1005 1453 1034 1510 in
1054 1454 1100 1511 bis
1113 1454 1199 1513 aliud
1217 1458 1315 1525 video,
1328 1455 1371 1513 nisi

785 1535 851 1584 aute
876 1526 974 1583 oculos
999 1533 1113 1582 nostros
1140 1528 1246 1599 posita
1272 1529 1331 1602 spei
1352 1531 1373 1583 et

784 1598 960 1672 poenitentiae
973 1598 1110 1669 exempla.
1123 1599 1325 1673 Omnipotens
1335 1602 1374 1656 Ue

785 1688 820 1728 us
834 1669 939 1740 ubique
959 1670 1048 1726 oculis
1064 1686 1138 1741 quos
1151 1673 1265 1730 imitari
1283 1675 1373 1729 debes·

785 1758 848 1799 mus
862 1740 974 1812 objicit;
991 1741 1099 1812 ubique
1115 1747 1324 1816 exemptasuae
1334 1742 1374 1799 mi·

786 1812 948 1870 sericordiru
969 1812 1128 1885 opponit.»
1154 1817 1240 1873 Unde
1269 1816 1373 1873 diritet

785 1887 977 1953 Arrpustinus:
990 1886 1214 1958 «Quacumque
1227 1888 1373 1945 necessita

786 1957 863 2027 cogit
876 1962 1054 2027 peccatorem
1067 1956 1104 2012 ad
1115 1957 1373 2030 imptrnitentiami

785 2031 841 2086 Nec
857 2027 985 2084 criminis
1000 2029 1158 2099 quantitas,
1171 2047 1230 2087 nec
1246 2030 1372 2104 temporis

785 2099 921 2168 brevitas,
947 2115 1000 2157 nee
1026 2098 1092 2155 vitae
1121 2103 1305 2169 enormitas,
1331 2116 1373 2158 ner·

786 2174 864 2229 horae
881 2171 1043 2228 extremitas
1061 2172 1190 2229 excludit
1211 2191 1232 2231 a
1248 2171 1371 2237 reniasi

786 2244 912 2315 perfecta
938 2244 1023 2299 fuerit
1051 2243 1213 2302 voluntatis
1245 2245 1370 2310 mutatio;

785 2317 833 2372 sed
850 2314 878 2370 in
893 2313 1085 2387 amplissimos
1102 2314 1184 2372 sinus
1199 2326 1299 2376 mater
1312 2316 1372 2375 etri·

786 2384 853 2443 tatis
868 2385 942 2442 tilios
951 2385 1085 2468 prodigos
1099 2387 1226 2460 suscipit
1241 2397 1374 2447 reverten-

786 2462 839 2515 tes.
856 2478 871 2510 n
891 2460 926 2513 Et
949 2465 1052 2514 iterum
1078 2477 1087 2513 r
1109 2480 1123 2509 e
1149 2460 1241 2517 Pater
1266 2460 1373 2518 tradidit

786 2528 888 2587 Filium
903 2545 999 2598 suum,
1013 2545 1069 2600 quo
1084 2529 1249 2589 redimeret
1268 2546 1372 2597 servos:

786 2600 865 2659 misit
884 2600 1019 2673 Spiritum
1037 2602 1184 2671 Sanctum,
1202 2619 1267 2675 quo
1286 2617 1373 2661 servos

786 2673 937 2745 adoptaret
960 2672 988 2728 iu
1012 2671 1102 2740 filios;
1119 2673 1227 2731 Filium
1254 2676 1332 2733 dedit
1347 2673 1374 2731 in

786 2747 909 2816 pretium
924 2744 1137 2816 redemptionis,
1157 2746 1301 2818 Spiritum
1315 2749 1374 2804 Sau-

787 2822 863 2872 ctum
885 2815 916 2871 in
936 2815 1114 2887 privilegium
1138 2817 1331 2889 adoptionis;
1346 2822 1377 2877 st

786 2891 878 2943 totum
894 2892 988 2944 servat
1002 2887 1032 2943 in
1046 2887 1242 2947 hereditatem
1262 2892 1381 3021 adog-

786 2958 833 3014 tis.
843 2960 930 3014 Nemo
943 2975 1011 3031 ergo
1027 2959 1062 3015 de
1071 2959 1120 3015 Uei
1130 2960 1244 3031 pietate
1253 2963 1314 3020 dito
1365 2974 1375 3029 t

787 3029 854 3102 quia
863 3031 955 3102 maior
967 3036 1010 3086 est
1020 3030 1069 3087 Dei
1082 3030 1287 3091 misericordia
1297 3047 1375 3107 quarn

788 3112 887 3158 nostra
908 3101 1032 3171 miseria,
1049 3108 1076 3158 et
1099 3102 1233 3175 quisquis
1255 3106 1294 3162 ad
1317 3118 1376 3162 eum

787 3178 847 3229 toto
858 3174 942 3229 corde
951 3174 1273 3240 clamaverit,eraudiet
1286 3178 1373 3245 iiium;

788 3243 855 3316 quia
866 3244 1027 3301 misericors
1036 3250 1086 3301 est.
1100 3246 1225 3303 Tardius
1237 3248 1376 3321 siquidem

788 3316 814 3372 ei
842 3314 954 3372 videtur
981 3316 1124 3389 peccatori
1152 3319 1273 3377 reniam
1301 3322 1375 3386 dare,

787 3387 1376 3515 puamipsipeccatoriaccipere.Sicenim

798 3459 902 3516 estiuat
919 3476 1000 3516 reum
1021 3461 1171 3517 absolvere
1195 3478 1213 3519 a
1235 3468 1375 3522 tormento

787 3531 968 3588 conscientiae
987 3547 1058 3614 spae,
1078 3531 1163 3614 ¹qua-si
1184 3533 1254 3607 pius
1273 3535 1376 3593 cruciet

787 3618 854 3659 eum
870 3618 1029 3675 compassio
1046 3619 1155 3673 miseri,
1176 3621 1268 3677 quam
1287 3607 1374 3681 ipsum

787 3673 924 3730 miserum
934 3677 1093 3748 compassio
1106 3675 1161 3732 sui.
1172 3698 1188 3727 »
1199 3679 1283 3736 Unde
1294 3679 1374 3737 etiarn

787 3747 1015 3814 chrysostomus:
1033 3768 1048 3798 «
1061 3748 1150 3804 Crede
1164 3748 1249 3819 mibi,
1263 3752 1328 3808 talis
1337 3752 1375 3807 est

786 3832 855 3886 erga
868 3817 1012 3874 bominem
1026 3817 1118 3891 pietas
1127 3819 1191 3889 Uei,
1204 3824 1285 3893 quod
1297 3836 1373 3881 num·

786 3904 871 3958 quam
887 3890 995 3960 spernit
1011 3890 1222 3961 poenitentiam,
1237 3893 1263 3950 si
1279 3895 1304 3951 ei
1321 3895 1373 3951 siu·

786 3976 850 4014 cere
865 3965 893 4015 et
909 3961 1076 4032 simpliciter
1092 3964 1250 4033 efferatum
1267 3962 1371 4023 etiamsi

785 4032 821 4086 ad
839 4047 981 4088 surumurn
1002 4033 1066 4104 quis
1086 4036 1199 4091 venerit
1224 4040 1371 4104 maiorum,

784 4108 813 4157 et
829 4102 894 4157 iude
907 4104 973 4159 vetit
985 4106 1088 4161 reverti
1099 4107 1135 4162 ad
1147 4108 1280 4167 veritatis
1292 4110 1369 4175 riam,

786 4174 903 4246 suscipit
931 4176 1054 4233 libenter
1080 4185 1109 4235 et
1135 4181 1329 4251 amplectitur,
1345 4183 1370 4237 et

786 4245 854 4301 iecit
868 4246 964 4304 omnia
978 4255 1119 4320 quatenus
1133 4251 1171 4308 ad
1185 4253 1314 4324 priorem
1330 4268 1370 4309 re·

789 4320 868 4374 vocet
880 4322 996 4377 statum.
1008 4341 1024 4371 e
1038 4322 1118 4380 Unde
1128 4336 1219 4397 super
1227 4324 1280 4384 itio
1290 4325 1369 4383 verte
