2820 4928
83 369 131 425 iti
404 368 563 425 sedutha
590 368 709 424 rhhrls
734 368 837 423 CAPUT
864 368 983 422 xxxiv

85 478 179 534 torma
199 474 356 548 discipulis,
375 479 404 531 ct
422 474 502 530 illam
524 473 670 530 humilita·
724 473 765 530 hil
784 472 862 531 enim
876 473 1007 531 Gentiles
1036 472 1081 531 ita
1097 471 1192 533 afficit
1212 480 1242 534 ut
1255 476 1303 532 rir-

84 553 143 606 tem
154 547 273 619 eligeret
285 562 490 617 servus,quam
501 549 671 602 sectatusest
723 552 784 615 tus;
801 545 871 601 nihil
887 545 928 602 ita
944 545 1003 602 illis
1018 545 1205 604 offendiculo
1225 553 1269 614 eat,
1281 553 1304 604 ut

88 619 237 676 Dominus.
256 638 270 671 »
293 619 372 675 Unde
387 618 474 674 etrim
494 619 668 688 Cyprianus:
725 617 892 700 improbitas
908 635 914 673 :
929 622 959 674 et
974 618 1046 690 J'ure
1058 618 1192 689 quidem.
1209 620 1304 676 Cunet-

87 712 102 743 «
115 690 294 747 Christianus
310 695 484 746 nemorecte
500 687 670 756 dicitur,nisi
725 687 1303 762 enimrideritavarumetrapientemoen·

85 761 132 832 qui
148 762 259 818 Christo
270 761 397 817 moribus
408 762 670 831 coequatucomn-
724 760 813 817 traria
830 760 1057 833 praecipientem,
1072 778 1203 834 eumque
1216 763 1304 835 quiini

87 835 121 888 de
139 832 226 889 etiam
249 835 414 888 anselmus:
428 853 441 884 u
453 835 527 888 luter
540 831 671 888 infideles
725 831 813 888 micos
830 831 1082 915 diligerejubetur
1105 832 1137 889 in
1152 834 1305 892 contribules

86 909 297 975 computantur,
312 905 360 976 qui
371 905 447 976 quod
461 908 599 960 voverunt
614 919 671 960 non
725 909 948 976 suos,tamquam
960 905 1307 969 inserassaevieutem,nu

86 975 311 1048 impleverunt.»
327 975 501 1047 Quicumque
516 974 599 1030 etiam
615 991 670 1030 nou
724 990 775 1046 gas
785 975 1124 1048 praeceptaillavocabit.
1139 978 1209 1034 Cum
1223 978 1306 1033 viderit

88 1047 229 1104 Christum
244 1047 383 1119 sequitur,
404 1064 461 1103 non
481 1046 572 1103 solum
590 1045 671 1127 Chri·

87 1118 172 1176 stiani
194 1135 299 1176 nomen
321 1120 462 1186 amittere,
483 1118 576 1175 sedet
594 1121 672 1172 huh-

87 1191 212 1247 christus
227 1191 281 1247 diei
297 1190 515 1248 meretur.Unde
526 1190 566 1246 ait
578 1190 672 1258 Aepo-

87 1266 199 1318 atinus:
217 1288 229 1311 «
245 1262 377 1335 Quisquis
393 1265 474 1319 lactis
489 1265 574 1331 negat
589 1260 670 1317 Chri-

88 1339 173 1403 stum,
187 1335 376 1391 Antichristus
386 1339 427 1390 cst
436 1352 443 1401 ;
452 1339 481 1390 et
493 1332 671 1403 magismcn·

88 1406 143 1461 dar
156 1411 200 1462 est
211 1404 446 1477 Antichristoqui
463 1421 511 1461 ore
523 1404 673 1475 profitetur

88 1476 240 1545 Christum,
257 1484 285 1531 et
299 1477 381 1533 sactis
395 1484 489 1546 negat.
510 1476 576 1531 Ideo
591 1490 671 1531 men·

86 1548 150 1616 dax,
162 1547 230 1618 quia
243 1548 321 1604 aliud
329 1548 453 1619 loquitur
469 1551 497 1602 et
511 1547 588 1603 aliud
601 1550 669 1617 agit.

87 1619 155 1685 Quis
169 1624 213 1674 est
236 1619 283 1690 qui
305 1635 361 1674 non
385 1617 474 1674 credit
494 1618 569 1687 quud
588 1620 670 1674 lesus

86 1691 122 1746 sit
136 1689 287 1745 Christus?
301 1689 353 1755 Qui
371 1705 428 1745 nou
445 1688 512 1745 vivit
527 1689 669 1760 quomodo

4 1816 7 1823 ,
89 1758 450 1832 praecipitCliristus.Multi
463 1759 539 1816 euim
553 1760 667 1816 dicunt:

86 1831 187 1895 Credo,
203 1832 251 1888 sed
280 1831 352 1888 fides
373 1830 434 1887 sine
459 1831 593 1903 operibus
613 1847 670 1886 non

88 1903 187 1961 salvat.
204 1924 219 1954 »
234 1905 267 1959 lit
279 1903 401 1961 iterum:
421 1904 549 1961 «Omnes
566 1908 672 1975 negant

87 1974 228 2032 Christum
244 1975 375 2033 incarne
393 1975 517 2043 venisse,
533 1977 600 2057 quia
611 1973 669 2030 vio·

88 2047 148 2104 lant
167 2050 315 2104 caritatem
334 2050 418 2115 lesu;
434 2064 492 2104 non
507 2063 583 2103 cuim
599 2062 669 2118 opus

88 2124 149 2176 erat
173 2124 203 2175 ut
221 2120 341 2187 veniret,
362 2118 416 2175 nisi
436 2135 487 2191 per
511 2118 668 2175 caritatem.

90 2191 224 2259 Majorem
240 2193 290 2246 hoc
304 2192 476 2246 dilectionem
488 2207 564 2245 nemo
579 2190 668 2259 liobet,

88 2277 183 2332 quam,
207 2265 369 2316 utonimom
393 2277 471 2316 suom
502 2266 589 2331 ponet
620 2277 670 2332 pro

87 2335 184 2387 amicis
195 2336 263 2387 suis.
274 2331 405 2401 Quisquis
415 2330 501 2387 violat
513 2331 671 2400 caritatem,

89 2402 237 2474 quodlibet
246 2402 323 2458 dicat
337 2402 444 2474 lingua,
454 2402 510 2459 vita
522 2403 611 2474 ipsius
625 2420 673 2459 ne·

88 2480 137 2545 gat
147 2473 290 2531 Christum
301 2474 330 2530 in
346 2490 431 2530 carne
447 2474 609 2542 venisse;et
620 2477 672 2530 isle

88 2551 132 2602 cst
158 2547 353 2602 Antichristus
381 2545 553 2617 ubicumque
577 2546 672 2616 luerit,

89 2634 268 2690 quocumque
281 2617 449 2675 intraverit:
463 2640 476 2670 u
488 2620 550 2674 haec
564 2619 674 2686 lupus-

725 1047 887 1118 quempiam
900 1047 1001 1104 mortis
1017 1047 1182 1105 formidine
1199 1057 1305 1120 captum,

725 1134 781 1189 quo
796 1123 878 1189 pacto
902 1118 1137 1176 immortalitatis
1163 1121 1306 1176 doctrinan

724 1189 864 1261 accipiet?
894 1192 963 1247 Cum
990 1192 1170 1247 ambitiosos
1199 1191 1306 1258 viderit,

725 1261 844 1332 aliisque
858 1261 947 1318 animi
966 1262 1078 1318 morbis
1094 1270 1210 1334 captos,
1228 1262 1307 1334 potius

726 1335 754 1388 in
769 1349 822 1389 sua
832 1333 961 1390 mauebit
973 1333 1136 1397 sententia.
1147 1334 1272 1405 nihilque
1280 1334 1307 1389 de

725 1404 808 1460 nobis
823 1420 958 1476 magnum
974 1404 1100 1475 putabit.
1116 1408 1175 1462 Nos
1184 1420 1308 1477 ergomos

724 1475 823 1546 utique
837 1474 866 1532 iu
883 1492 968 1533 causa
982 1492 1096 1545 sumus,
1106 1494 1159 1534 cur
1174 1477 1217 1534 illi
1229 1477 1257 1533 in
1267 1492 1307 1533 suo

724 1562 822 1603 errore
853 1547 1018 1619 persistant.
1050 1550 1128 1604 Nam
1157 1549 1307 1605 doctrinan

724 1617 803 1673 illam
815 1617 883 1675 olim
894 1635 975 1676 suam
990 1618 1225 1691 repudiaverunt
1233 1625 1261 1677 et
1270 1635 1308 1676 ne

724 1689 992 1758 straadmirautuc3
1015 1691 1067 1746 scd
1088 1706 1123 1747 er
1147 1694 1210 1748 vita
1226 1696 1309 1747 nostra

724 1766 867 1817 arcentur.
890 1764 990 1819 Verbis
1014 1761 1094 1818 enim
1118 1761 1307 1835 philosophari

724 1832 806 1888 facile
821 1837 910 1901 est,et
927 1833 1006 1889 multi
1018 1832 1109 1890 ctiam
1122 1835 1203 1906 apud
1213 1834 1275 1891 illos
1285 1831 1309 1889 id

731 1903 846 1975 quidem
870 1905 1012 1973 lecerunt;
1028 1904 1129 1961 adbuc
1147 1922 1220 1963 vero
1232 1918 1310 1979 reqm·

724 1980 791 2030 runt
818 1991 907 2048 opera
930 1977 1014 2032 bona.
1031 1976 1156 2033 Veteres
1179 1977 1255 2045 illus,
1272 1974 1311 2048 qui

724 2046 801 2117 apud
809 2062 860 2103 nos
874 2047 986 2104 suerunt
1001 2047 1180 2118 recogitent,
1188 2048 1263 2105 dicet
1272 2046 1311 2105 aii·

724 2119 798 2189 quis.
818 2119 854 2174 At
879 2118 934 2175 illis
955 2135 1014 2175 non
1039 2120 1181 2187 credunt,
1203 2121 1252 2177 sed
1270 2133 1311 2176 nes

724 2192 1043 2271 praesentesobservant
1056 2192 1218 2259 ;ostendite
1232 2190 1309 2257 nobis,

725 2260 867 2332 inquiunt,
876 2261 963 2317 fidem
979 2277 1029 2332 per
1040 2266 1218 2334 opera.llaec
1229 2269 1310 2321 auten

725 2349 865 2404 nusquam
885 2332 1043 2401 suut;sed,
1066 2350 1134 2391 cum
1155 2352 1212 2392 nos
1226 2336 1310 2391 rident

725 2405 788 2476 plus
811 2420 896 2475 quam
925 2404 1001 2460 seras
1030 2406 1186 2475 proximos
1209 2412 1310 2464 noaret

726 2479 896 2547 discerpere,
922 2492 975 2532 nos
990 2474 1071 2531 orbis
1091 2478 1255 2548 perniciem
1269 2492 1310 2532 to·

726 2552 801 2603 cant.
829 2548 895 2604 llaec
920 2546 1046 2603 Gentiles
1074 2548 1218 2618 retinent,
1233 2565 1267 2606 ne
1282 2546 1310 2604 ad

727 2635 779 2674 nos
789 2624 948 2675 transeant.
966 2621 1067 2690 ltaque
1081 2636 1136 2676 nos
1146 2622 1252 2679 horum
1263 2634 1310 2692 pe·

91 2693 175 2746 tinus.
194 2693 224 2746 ln
237 2691 290 2746 hoc
302 2707 369 2763 ergo
386 2689 507 2746 maxime
526 2688 672 2746 nusChri-
727 2706 779 2745 nas
794 2690 937 2759 dabimus,
955 2706 1012 2746 non
1031 2690 1130 2748 solum
1150 2694 1230 2764 quod
1248 2690 1310 2748 ands

91 2760 177 2818 stiani
205 2763 331 2818 Gentiles
350 2761 584 2829 scandalizamus,
606 2759 675 2831 quia
727 2767 934 2834 perpetremus,
946 2760 1097 2818 sedetiam
1111 2765 1193 2834 quod
1208 2768 1310 2836 propter

88 2833 237 2889 caritatem
247 2840 274 2889 ct
283 2833 369 2890 vitam
381 2833 537 2890 virtuosam
553 2849 609 2888 non
623 2833 672 2888 ha-
728 2849 780 2888 nos
791 2848 894 2889 nomen
907 2832 955 2889 Dei
970 2832 1193 2903 blasphemetur
1208 2841 1235 2892 et
1246 2830 1309 2906 quod

88 2903 201 2962 bemus.
220 2905 299 2962 Unde
320 2907 527 2975 chrysostomus
545 2924 553 2961 :
570 2927 581 2952 ι
599 2902 673 2960 Nihil
728 2904 808 2960 multi
824 2907 860 2962 ab
871 2907 1000 2976 ingressu
1013 2905 1153 2963 Ecclesiae
1161 2912 1308 2963 arceantur.

89 2976 166 3033 aliud
186 2984 229 3034 est
249 2977 324 3049 quod
345 2977 516 3034 scandalizat
535 2974 672 3044 Gentiles,
728 2976 879 3047 Quousque
894 2991 962 3047 ergo
974 2976 1115 3046 pecuniis,
1125 2976 1309 3043 deliciis,altc·

89 3063 174 3119 quam
190 3051 266 3120 quod
281 3066 338 3106 non
351 3065 432 3104 amor
446 3054 498 3105 est.
513 3049 582 3105 Cum
597 3046 674 3103 enim
728 3047 825 3119 risque
845 3046 920 3102 vitiis
937 3047 1026 3103 dediti
1040 3047 1177 3105 erimus?
1190 3047 1308 3106 Abstine·

89 3120 276 3193 multiplicata
291 3120 375 3179 luerit
398 3119 543 3193 iniquitas,
560 3118 675 3191 frigebit
728 3134 810 3175 amris
831 3118 963 3190 denique,
991 3126 1021 3175 et
1039 3119 1182 3177 virtutem
1209 3129 1308 3177 omnem

90 3205 187 3261 amor;
214 3193 302 3249 sitam
327 3199 423 3250 autem
450 3192 518 3249 nihil
546 3191 586 3248 ita
608 3190 675 3247 l'acit
729 3206 920 3263 exerceamus,
943 3194 975 3248 ut
993 3191 1093 3248 sutura
1110 3202 1309 3265 consequamur

90 3261 208 3332 clarem,
221 3269 253 3320 ul
265 3280 355 3321 amor.
372 3283 386 3317 i
403 3266 436 3320 Et
446 3264 550 3322 iterum
567 3281 574 3319 ε
593 3285 608 3316 o
625 3261 672 3318 Ni·
727 3261 824 3319 bona:
842 3282 856 3314 ι)
873 3263 934 3319 haec
950 3264 1177 3334 chrysostomus.

637 3442 766 3500 ohhrlo

123 3617 242 3676 Domine
256 3620 332 3702 lesu·
343 3619 463 3689 Christe,
474 3620 533 3702 lter
544 3620 667 3678 coelestis
680 3622 788 3695 gloria,
799 3621 846 3696 qui
861 3637 911 3679 nos
924 3637 976 3695 per
990 3622 1108 3680 nuntios
1119 3629 1196 3694 tuos,
1211 3621 1302 3680 scilicet
1350 3662 1352 3713 Ι

89 3707 141 3766 per
152 3707 263 3748 sacram
275 3694 459 3764 scripturam,
472 3692 663 3762 infirmitates,
681 3694 836 3765 perieulum
846 3692 970 3763 vivendi,
981 3694 1172 3752 mutationem
1182 3697 1299 3760 inmune,
1350 3730 1352 3741 .

89 3771 117 3820 ct
132 3762 287 3836 gratuitam
306 3763 492 3831 voluntatem,
510 3766 546 3822 ad
571 3767 684 3838 nuptias
699 3774 762 3823 tuas
774 3764 891 3834 vocasti,
906 3766 944 3822 da
962 3766 1045 3822 nobis
1061 3765 1190 3824 caritatis
1208 3771 1299 3822 restent

87 3836 255 3908 nuptialem,
272 3850 308 3890 ne
323 3851 341 3892 a
355 3835 532 3894 consessione
549 3837 667 3907 peccati,
682 3845 710 3893 et
728 3854 746 3894 a
765 3838 848 3894 laude
862 3838 912 3894 Dei
927 3852 1062 3908 umquam
1073 3839 1297 3901 obmutescamus,
1340 3896 1343 3901 ,

85 3924 122 3965 nc
137 3907 375 3965 aresurrectioue
395 3906 551 3988 spiritualis
566 3909 674 3982 gaudii,
691 3908 799 3966 scilicet
814 3924 893 3979 pace,
906 3916 934 3965 et
948 3909 1114 3980 securitate,
1128 3920 1292 3986 separemurj

85 3982 159 4036 etda
174 3979 257 4037 nohis
273 3984 380 4036 vestem
394 3978 515 4058 pictatis,
532 3989 561 4036 et
575 3983 660 4037 honae
674 3979 859 4053 operationis,
871 3995 918 4049 ne,
935 3977 1031 4050 ligatis
1045 3980 1179 4038 manibus
1193 3988 1222 4038 et
1234 3977 1295 4052 ped

85 4053 151 4121 bus,
167 4051 196 4108 in
212 4053 345 4109 tenebras
361 4056 514 4108 exteriores
528 4050 685 4109 mittamur.
700 4054 799 4110 hmen.
