2820 4928
84 279 132 338 218
279 302 282 307 ·
401 280 558 335 studium
584 280 702 336 illitis
729 276 833 333 ullor
861 275 978 329 xxxiv

88 405 106 447 a
118 386 233 453 lectulo,
247 384 316 443 olari
330 388 359 445 et
368 384 506 455 letantes,
517 391 546 443 et
555 387 674 445 chorum
721 385 820 443 decem
830 382 951 442 millium
964 384 1303 459 esteausapraeliornm.s

90 477 179 519 unum
206 457 357 526 facientes,
383 456 413 513 in
440 459 580 541 praeclara
606 475 673 515 con·
721 458 755 515 Et
769 456 871 514 iterum
888 473 895 511 :
914 458 977 539 uin
993 457 1078 513 nullo
1095 473 1197 515 eorum
1217 459 1305 516 taber-

89 531 210 591 scientia
227 534 383 587 consonant
403 531 536 597 universi,
552 535 580 586 et
602 532 674 587 sicut
721 529 823 586 nacula
837 528 963 584 deterius
978 527 1063 585 coelis
1078 529 1223 602 disposita
1235 536 1304 597 sunt;

87 620 120 661 ex
137 620 193 660 uno
210 618 268 666 ore,
286 601 407 673 hymnos
422 601 457 657 ad
474 601 672 658 universorum
721 601 828 658 etenim
843 600 941 670 ringeli
959 600 1147 658 descendunt
1162 602 1201 658 ad
1217 610 1305 671 eos,et

86 681 194 731 canunt
217 675 317 741 Deum,
334 672 481 729 laudantes
500 690 575 742 eum,
595 678 624 730 et
646 674 671 730 ei
720 674 894 745 Angelorum
927 673 1112 730 Dominalor.
1151 675 1186 730 Et
1219 689 1305 730 mensa

86 745 207 818 gratiam
227 745 368 800 solventes
386 760 435 814 pro
460 746 592 801 omnibns
615 745 672 803 slve
721 745 798 816 apud
811 751 910 799 eosest
923 744 958 800 ab
971 744 1304 813 omniavaritiamunda‚

86 817 210 890 propriis
224 817 283 871 sive
302 816 501 872 communibus
515 815 669 873 beneficiis.
721 823 750 873 et
762 814 940 888 philosophia
953 816 1052 887 plena.
1068 819 1132 873 Non
1146 815 1305 888 sanguinum

87 891 192 958 Quare,
217 885 240 944 si
264 887 386 956 videtur,
411 889 519 944 Adamo
543 888 670 959 dimisso,
721 893 862 945 torrentes
876 891 943 943 sunt
962 888 1039 959 apud
1062 904 1123 959 eos,
1143 904 1181 945 ne
1206 904 1239 944 ue
1256 904 1305 944 car

87 960 312 1030 interrogemus,
340 958 369 1014 in
398 975 454 1042 quo
486 961 531 1016 hic
558 961 672 1017 dillerat
722 959 801 1017 nium
821 957 982 1028 incisiones,
1001 975 1100 1030 neque
1121 905 1304 1027 condimenta

87 1030 671 1103 chorusabAngelisqminterracantant,
722 1047 814 1102 noque
846 1046 934 1158 vapor
966 1035 1119 1087 coctorum
1151 1030 1304 1088 indecenter

88 1108 117 1160 et
131 1103 251 1159 dicunt:
273 1103 368 1159 Gloria
382 1106 412 1158 in
432 1106 545 1159 eccelsia
563 1108 628 1172 lieo,
647 1110 673 1160 et
722 1101 874 1173 implenso
896 1106 1017 1170 oratum,
1032 1118 1133 1174 neque
1154 1103 1249 1158 tumus
1268 1101 1303 1157 in·

87 1178 118 1231 ia
132 1180 206 1231 terra
218 1191 277 1246 poa
289 1175 444 1230 horninibus
461 1176 533 1231 bona
548 1178 673 1231 cotuate-
723 1173 905 1240 contemnem,
923 1189 1015 1243 neque
1037 1190 1144 1230 cursus
1161 1180 1192 1230 et
1213 1173 1303 1230 tumul·

88 1249 138 1303 tis.
169 1246 288 1315 Deinde,
304 1252 453 1318 postquam
483 1247 593 1303 cantica
625 1246 674 1303 illa
722 1251 779 1313 tus,
793 1252 822 1301 et
835 1244 1023 1309 turbationes.
1042 1248 1073 1302 et
1094 1245 1240 1302 clamores
1252 1259 1304 1300 one

88 1317 577 1388 dixerunt‚genuailectentesDeum
589 1335 672 1390 quem
723 1316 796 1384 rosl;
813 1316 863 1372 sed
878 1315 958 1386 panis
974 1322 1002 1372 et
1015 1332 1109 1387 aqua:
1124 1318 1190 1374 haee
1204 1314 1305 1389 quidem

90 1389 205 1461 hymnis
223 1390 424 1459 laudaverunt,
444 1398 549 1462 rogant
569 1397 598 1446 et
619 1407 674 1462 pe-
724 1405 757 1445 ex
768 1391 937 1470 l'ontepuro,
949 1387 997 1445 ille
1010 1394 1109 1444 autem
1126 1405 1161 1445 ex
1174 1387 1306 1445 laboribus

89 1465 163 1517 tunt.
185 1462 371 1517 Praeseutium
389 1461 503 1533 quidem
531 1461 601 1517 nihil
623 1479 674 1535 pe·
721 1459 816 1533 Justis.
837 1461 864 1515 Si
892 1464 988 1515 autem
1016 1465 1046 1516 et
1074 1460 1188 1532 aliquid
1216 1458 1307 1516 lautius

89 1533 349 1599 tunt;nullaenim
370 1534 411 1588 eis
427 1533 527 1589 horum
543 1542 673 1604 ostensa,
725 1530 868 1587 voluerint
897 1531 1017 1602 epulari,
1047 1531 1147 1589 baccae
1178 1530 1307 1588 lautitiam

90 1603 170 1660 sedut
200 1620 262 1659 cum
279 1603 384 1659 fiducia
408 1611 483 1659 stare
497 1603 605 1674 possint
623 1622 675 1661 an·
726 1603 861 1674 implent;
882 1607 911 1658 et
933 1603 1025 1673 major
1048 1602 1095 1659 hie
1122 1608 1166 1661 est
1189 1602 1308 1674 voluptas

89 1679 117 1731 te
131 1672 258 1730 terribile
275 1674 413 1740 tribunal,
429 1690 492 1729 cum
510 1677 675 1746 Unigenitus
726 1690 812 1746 quam
834 1672 920 1745 regiis
944 1673 1060 1730 mensis.
1078 1675 1259 1746 Angelorum
1273 1678 1309 1728 est

90 1743 141 1802 Dei
159 1744 244 1801 Filius
276 1744 384 1801 venerit
397 1745 527 1816 judicare
550 1747 629 1802 vivcis
648 1752 677 1804 et
726 1747 788 1803 haee
802 1761 901 1801 mensa
915 1746 950 1802 ab
960 1746 1037 1802 omni
1048 1746 1219 1803 turbatione
1227 1750 1308 1802 eruta

90 1821 234 1885 mortuos;
257 1820 286 1872 et
311 1820 342 1872 ut
369 1832 453 1872 nemo
477 1816 575 1874 audiat
598 1818 677 1875 illam
727 1817 855 1874 Etsedile
869 1815 910 1873 eis
921 1818 1025 1872 imnum
1036 1817 1210 1888 simpliciter
1220 1831 1311 1944 suppo

91 1887 249 1946 terribilem
267 1903 366 1943 vocem
384 1904 446 1959 quae
469 1888 537 1945 dicit
558 1908 564 1945 :
581 1894 677 1949 Nescio
727 1889 814 1958 nitur,
828 1890 900 1945 sicut
914 1890 942 1945 in
957 1903 1053 1945 eremo
1069 1889 1221 1961 prandens
1236 1890 1256 1945 C
1276 1888 1308 1942 ri·

90 1976 152 2029 uos3
169 1965 253 2032 atque
274 1965 305 2014 ut
320 1975 383 2015 cum
404 1977 473 2030 pura
492 1961 676 2031 conscientia,
728 1965 789 2016 stus
802 1959 879 2029 iecit,
891 1959 968 2016 llulti
979 1966 1075 2016 autem
1094 1977 1193 2033 neque
1205 1967 1311 2030 tegmen

91 2037 121 2090 et
147 2032 242 2088 multis
275 2030 476 2088 directionibus
505 2033 677 2091 laboriosam
728 2030 774 2088 hic
787 2032 904 2099 iaciunt,
920 2031 970 2088 sed
983 2047 1036 2103 pro
1052 2037 1130 2089 tecto
1147 2032 1254 2089 coelum
1267 2032 1311 2087 ha·

91 2105 166 2161 hanc
178 2103 309 2186 expleant
320 2102 456 2172 vitamet
467 2121 531 2161 cum
542 2105 679 2178 tranquil·
728 2103 806 2165 bent,
823 2107 851 2159 et
866 2103 964 2159 lunam
979 2119 1031 2174 pro
1051 2103 1163 2160 lumine
1184 2103 1312 2169 lucerna,

91 2175 170 2232 litate
189 2175 305 2231 dilticile
326 2175 461 2246 navigent
480 2177 532 2232 hoc
546 2178 675 2250 pelagus.
730 2191 787 2230 non
803 2175 961 2245 indigentes
971 2174 1046 2243 olco,
1060 2191 1156 2247 neque
1172 2174 1313 2240 miniatem

91 2245 199 2304 Deinde
212 2249 373 2315 surgentes,
387 2252 414 2301 et
424 2247 605 2326 perficientes
618 2250 678 2320 jam
728 2245 786 2302 illis
804 2249 880 2301 certe
895 2245 964 2302 solis
986 2245 1127 2314 condigne
1147 2247 1219 2302 luna
1239 2245 1313 2302 mini-

91 2322 204 2374 sanetas
220 2316 284 2371 illas
306 2321 335 2372 et
355 2322 503 2373 continuas
524 2320 678 2389 orationes,
730 2322 801 2374 strat
815 2317 916 2374 lucem.
935 2320 1011 2373 llanc
1027 2323 1056 2373 ct
1070 2317 1174 2387 Angeli
1192 2331 1312 2374 mensam

92 2387 203 2445 oriente
222 2386 293 2454 sole,
312 2387 348 2442 ad
365 2402 435 2459 opus
453 2388 514 2444 adit
534 2393 679 2461 unusqui-
730 2390 766 2445 de
790 2388 862 2444 coelo
886 2389 1113 2460 contemplantes
1138 2392 1275 2446 laetantur
1292 2391 1316 2443 ct

93 2474 173 2528 sque,
194 2458 315 2514 multum
338 2457 510 2530 stipendium
530 2463 680 2534 egentibus
731 2460 880 2517 exsultant.
896 2463 961 2517 llaee
981 2460 1067 2530 igitur
1081 2463 1222 2529 scientes,
1238 2461 1315 2532 depo

93 2529 161 2587 hine
183 2535 399 2602 congregantes.
417 2533 534 2602 hlagnus
558 2539 600 2590 est
624 2533 681 2591 illic
732 2532 786 2588 sita
801 2531 879 2587 omni
894 2531 1097 2603 avaritiaque
1110 2539 1179 2589 sunt
1190 2533 1315 2603 desuper,

95 2603 143 2674 qui
167 2600 222 2658 vile
246 2617 318 2683 opos
340 2601 423 2674 rapit.
450 2623 464 2657 i>
488 2607 523 2660 Et
546 2605 649 2663 iterum
673 2624 680 2663 ε
733 2603 847 2659 coeleste
869 2603 978 2660 scilicet
998 2619 1121 2674 regnum
1143 2620 1211 2660 cum
1233 2601 1316 2660 studio

95 2696 110 2726 a
125 2677 187 2731 Non
203 2677 247 2731 est
262 2672 301 2730 rbi
314 2689 410 2731 meum
426 2680 454 2731 et
468 2681 558 2747 tuum,
571 2678 621 2734 sed
635 2679 682 2735 ab·
733 2674 810 2730 omni
827 2676 981 2747 rapiamus.
992 2681 1024 2731 ut
1035 2681 1062 2731 et
1073 2674 1183 2732 tuturis
1195 2676 1317 2733 truamur

92 2746 212 2819 jectum>
225 2750 270 2803 est
291 2743 359 2804 inde
382 2747 437 2804 hoe
459 2749 589 2819 verbum,
606 2751 683 2822 quod
733 2746 815 2803 bonis
829 2764 836 2802 ε
851 2768 866 2797 »
880 2748 942 2804 haec
955 2748 1175 2818 chrysostomus.

647 2926 776 2986 ohtric

130 3038 253 3100 Domine
266 3041 353 3107 Deus,
368 3042 574 3116 paterfamilias
588 3044 778 3116 omnipotens,
794 3041 841 3115 qui
856 3041 967 3099 vineam
982 3038 1116 3097 Ecclesiae
1128 3044 1187 3097 tuae
1203 3035 1320 3111 prelatis

96 3110 195 3169 locasti
206 3115 243 3170 ad
253 3114 453 3184 colendum,ut
463 3115 532 3172 vitia
542 3124 687 3188 tamquam
697 3114 793 3188 spinas
808 3113 1034 3182 exstirpandam
1046 3112 1165 3168 virtutes
1178 3121 1319 3183 tamquam

95 3184 171 3241 bona
185 3185 296 3243 semina
317 3186 477 3253 inserendo,
492 3188 615 3244 fructum
633 3187 663 3244 in
678 3203 720 3257 se,
735 3191 764 3243 et
781 3187 809 3242 ln
825 3185 945 3243 subditis
960 3184 1085 3240 tacerent
1101 3184 1275 3240 bonorumo

95 3270 172 3335 rum,
188 3257 225 3313 da
239 3256 378 3339 propitius
391 3258 522 3315 omnibus
537 3264 564 3315 et
577 3259 714 3332 praelatis,
728 3265 756 3315 et
766 3257 886 3329 singulis
898 3254 1029 3324 subditis,
1039 3259 1071 3312 ut
1085 3256 1212 3312 fructum
1222 3271 1255 3312 co
1290 3251 1319 3318 is,

97 3341 166 3394 oris,
181 3334 210 3382 et
224 3340 319 3399 operis
330 3328 382 3385 tibi
397 3330 517 3388 reddant
529 3348 535 3399 ;
553 3338 584 3387 ut
597 3333 727 3388 ubertate
742 3330 888 3386 fruetuum
902 3325 1044 3401 majestati
1056 3334 1115 3383 ture
1130 3326 1278 3400 placeant;
1291 3338 1320 3380 ae

96 3395 215 3453 tandem
237 3406 300 3470 post
320 3399 446 3456 laborem
464 3403 613 3473 praesentis
627 3403 691 3461 vitae
704 3417 768 3460 cum
792 3400 889 3458 electis
902 3402 967 3464 tuis,
983 3397 1032 3528 pul
1056 3398 1131 3457 bene
1153 3403 1184 3456 et
1205 3396 1320 3454 fideliter

98 3465 310 3539 laboraverunt,
330 3471 359 3526 in
372 3486 462 3543 regno
480 3476 538 3541 tuo,
553 3477 582 3531 te
595 3473 759 3542 miserante,
776 3471 967 3546 requiescant.
1008 3484 1084 3527 men.

560 3737 701 3811 CAPUT
725 3741 865 3814 xxxiv

175 3922 214 3968 bit
241 3922 393 3971 mulctris
414 3925 455 3970 ΑΙ)
473 3926 611 3982 huhrus,
627 3926 666 3971 ΕΤ
685 3926 744 3974 NON
763 3927 902 3972 HABENTE
924 3923 1042 3973 ltus'rmt
1061 3921 1245 3968 quamnam.

558 4068 684 4125 ltlatthoei
700 4084 761 4142 cap.
779 4069 860 4151 llllll.

137 4261 146 4296 1
169 4241 714 4310 Panisouaun1umrtmsinuurussl
738 4238 927 4310 intelligentes
950 4236 986 4293 de
1016 4251 1047 4292 se
1074 4236 1131 4292 diei
1163 4233 1319 4313 parabolas,

102 4327 209 4370 scores.
219 4313 295 4368 -Et
305 4313 373 4384 quia
380 4313 503 4387 majoros
511 4308 686 4382 ludaeorum,
710 4316 717 4384 Ι
743 4311 910 4384 quaerebant
923 4307 1075 4369 Dominum
1090 4313 1191 4366 tenere
1204 4311 1233 4366 et
1250 4320 1320 4363 ocri·
