2820 4928
130 320 159 377 li
491 305 646 365 studium
673 306 790 361 Pthiis
817 304 922 358 stiur
951 303 989 356 ttl

129 426 178 484 sed
199 424 294 495 pretio
313 422 363 477 liei
384 431 499 485 meeum,
515 418 655 488 quantum
677 413 714 471 ad
770 416 831 470 stus
859 413 931 480 erat,
962 413 990 467 et
1020 410 1083 481 ejus
1111 410 1213 494 gloria,
1240 417 1362 485 propser·

129 498 254 556 tertiam.
264 495 389 550 ioannes
401 487 487 546 etiam
495 486 644 560 privilegIo
659 485 715 542 sin·
770 498 855 557 quam
875 486 1029 550 venerant;
1047 486 1075 537 et
1093 487 1124 538 ut
1143 499 1204 553 ipse
1223 485 1359 543 osteude-

169 566 238 626 laris
257 562 363 622 amoris
384 558 434 618 Dei
455 559 568 617 dotatus
587 557 655 625 luit;
675 556 715 614 sie
772 559 815 613 ret
824 571 854 612 se
862 570 924 611 esse
932 566 1018 626 supra
1028 556 1233 626 Legem,quam
1248 559 1360 629 Moyses

130 586 237 700 iinon
254 635 382 693 divinum
398 648 483 705 super
504 629 601 688 omnia
617 629 716 703 diligat
772 626 929 697 Legislator
942 627 1030 708 dedit,
1045 632 1073 683 et
1088 642 1173 698 supra
1188 629 1359 700 Prophetas,

132 718 161 770 et
182 711 211 768 iu
227 707 358 765 omnibus
377 703 549 762 transitoriis
570 701 640 758 nihil
660 700 714 758 nisi
771 700 848 757 inter
871 714 940 770 quos
964 700 1039 754 illias
1063 699 1233 769 praedicator
1256 701 1360 773 priecl·

131 797 259 843 amorem
279 777 406 836 divinum
424 774 615 849 concupiscat.
634 775 716 856 Item,
770 787 844 900 puus
860 771 923 827 luit.
941 772 995 826 Per
1009 773 1125 852 Moysen
1141 772 1254 842 quidem
1273 771 1363 845 signi.

130 848 234 919 Petrus
247 848 303 908 alio
315 848 432 906 nomine
444 848 536 905 dietus
550 846 658 915 Simon,
669 861 716 917 qui
783 848 876 900 icatur
889 844 957 910 Lei,
975 857 1026 913 per
1041 843 1131 899 liliam
1154 845 1317 917 Prophetm;
1332 849 1363 901 et

132 925 336 1008 interpretatur
349 921 485 1005 obedieris,
500 918 642 1004 significat
653 917 720 1000 obe·
773 931 826 991 per
840 913 991 997 Dominum
1010 915 1205 998 Evangelium.
1223 917 1364 989 Apparuit

133 998 287 1065 dientiam3
302 997 440 1060 ioannes,
452 1008 483 1047 m
497 1007 550 1063 quo
563 995 666 1060 pretio,
680 1005 718 1045 si·
775 1002 843 1070 ergo
855 988 993 1042 Dominus
1002 987 1114 1069 medius
1124 993 1199 1044 inter
1209 991 1323 1073 llopsen
1335 993 1364 1047 et

132 1068 249 1200 gnificat
262 1063 571 1134 munditiam3iacohus
582 1078 658 1131 sero,
671 1060 720 1133 qui
775 1060 875 1127 Etiam,
894 1063 952 1115 tam
974 1075 1039 1114 uam
1056 1076 1117 1130 ipso
1133 1064 1161 1116 et
1176 1062 1364 1133 Evangehum

145 1147 262 1205 uctotor,
285 1136 330 1194 vel
355 1154 388 1193 su
409 1136 551 1207 plantone,
576 1132 720 1207 signifieat
775 1131 946 1189 haherenta
987 1147 1039 1201 ege
1059 1138 1088 1187 et
1106 1132 1255 1204 Prophetis
1280 1134 1364 1191 testi·

133 1216 331 1289 paupertatem
357 1154 547 1264 voiuntariam
578 1224 585 1264 :
615 1205 721 1263 eliste
775 1204 1365 1287 monium.ltem,unusmortuus,etatter

133 1285 190 1344 tria
217 1280 324 1341 iaciunt
347 1280 444 1337 videre
471 1278 632 1337 claritatem
651 1276 721 1334 divi·
775 1276 855 1333 vivus
882 1279 1023 1347 apparuit,
1042 1280 1074 1331 ut
1092 1275 1255 1357 'significent
1283 1278 1364 1337 Chri-

133 1373 213 1426 nam,
229 1354 301 1413 sicut
320 1349 367 1410 isti
382 1350 514 1409 viderunt
532 1350 722 1421 transfigunt*
777 1353 850 1406 stum
862 1347 1041 1417 moriturum,
1052 1353 1081 1403 et
1091 1354 1193 1405 iterum
1205 1350 1365 1421 victurum,

134 1430 254 1487 tionem.
270 1424 346 1483 Felix
367 1423 416 1495 qui
436 1423 522 1480 talem
540 1428 678 1488 montem,
692 1420 722 1476 id
777 1420 832 1503 vol,
858 1423 887 1474 iit
918 1435 971 1475 uos
997 1419 1100 1477 mortui
1130 1422 1220 1478 simus
1246 1423 1365 1507 mundo,

136 1506 180 1559 est
192 1496 377 1557 eminentiam
390 1499 455 1551 vitae
470 1492 609 1562 aseendit,
620 1492 650 1548 in
665 1508 721 1563 quo
777 1491 832 1547 iiii
859 1496 955 1547 autem
981 1493 1048 1549 Deo.
1075 1494 1155 1561 ltem,
1173 1499 1203 1550 ut
1228 1511 1261 1551 ex
1287 1511 1365 1552 omni

136 1576 202 1630 sunt
225 1575 283 1626 tres
340 1566 424 1635 edus,
444 1564 554 1621 scilicet
572 1581 579 1620 ι
600 1563 723 1636 abjectio
777 1568 859 1636 parte
872 1562 1000 1619 Christus
1015 1564 1206 1622 testimouium
1223 1568 1364 1624 haberet:

137 1641 194 1711 sui,
216 1637 300 1696 morti
324 1636 397 1694 catio
421 1635 526 1705 carnis,
546 1641 724 1718 contemptus
779 1635 814 1692 de
829 1635 901 1691 coelo
923 1637 1034 1692 Patrem
1058 1638 1086 1692 in
1109 1654 1187 1705 roco,
1203 1638 1240 1694 de
1258 1640 1368 1698 rathero

138 1710 292 1771 mundana
319 1707 532 1782 prosperitatis,
561 1707 596 1765 de
622 1708 724 1780 quibus
779 1708 895 1775 nubem,
911 1707 947 1763 de
965 1708 1098 1779 paradiso
1115 1709 1215 1779 Etiam,
1234 1711 1270 1768 de
1290 1719 1369 1770 terra

139 1800 225 1858 supra
238 1780 366 1856 proximo
381 1796 415 1837 ca
435 1779 505 1837 itulo
521 1796 529 1836 t
544 1781 577 1838 Si
591 1785 654 1851 quis
666 1782 725 1836 cult
778 1777 1366 1855 Apostolos,deintornolloysensuhditur:

138 1861 201 1931 post
217 1870 262 1913 tiis
277 1856 416 1918 verstrae
454 1857 514 1920 epet
539 1856 724 1924 semetipsum,
779 1855 816 1909 lit
828 1866 885 1908 eoos
897 1851 951 1906 duo
966 1855 1022 1907 virt
1045 1852 1089 1908 isti
1107 1855 1289 1924 loquebantur
1307 1875 1369 1915 cum

139 1920 258 1986 estotim
269 1940 374 1982 mosem
384 1940 473 1988 suom,
483 1929 509 1980 at
521 1929 654 2009 sequatur
666 1927 726 1981 mel
780 1925 864 1980 illo...
876 1927 901 1979 et
914 1924 1042 1980 dicebant
1056 1942 1194 1982 recessum
1206 1929 1275 1998 ejus,
1289 1946 1370 2002 quom

139 1998 216 2059 Felix
227 1997 275 2070 qui
290 1996 331 2054 sie
340 1995 462 2054 orationi
472 1995 578 2053 insistit
587 1996 642 2069 pie,
655 1997 725 2053 iide-
781 1998 964 2067 completurus
981 2002 1040 2053 erut
1058 2001 1088 2054 in
1104 2002 1265 2065 Jerusalem,
1281 2002 1311 2059 id
1327 2009 1370 2061 est

32 2115 35 2119 ,
139 2072 206 2129 liter
215 2069 580 2153 etuperseierantendonec
590 2072 728 2141 appareat
782 2068 959 2138 Passionem,
971 2067 1000 2125 in
1016 2085 1071 2141 qua
1084 2070 1135 2127 luit
1148 2087 1279 2130 excessus
1290 2090 1371 2132 amo·

141 2143 278 2216 gloriam
297 2139 368 2198 lario
387 2138 494 2209 cleriei,
510 2139 558 2211 qui
572 2141 726 2211 transligu·
782 2141 833 2209 ris,
851 2139 957 2197 doloris
976 2148 1005 2197 et
1030 2142 1209 2201 humilitatis.
1231 2146 1273 2202 lbi
1293 2148 1370 2203 enim

141 2219 243 2272 rantur
257 2214 287 2268 in
306 2212 395 2269 solem
413 2211 480 2268 dum
496 2211 591 2268 lucent
608 2228 657 2283 per
672 2211 726 2267 sci·
782 2211 1370 2295 amorluitsupranieiisui·am,secuudum

142 2285 259 2353 entiam,
275 2283 378 2340 ardent
390 2298 441 2410 fer
452 2282 611 2352 caritatem,
626 2283 729 2340 illumi·
783 2284 853 2340 illud
870 2285 989 2341 ioannis
1008 2287 1163 2355 :Maiorem
1186 2290 1237 2345 hoc
1260 2292 1371 2348 dilecti·

141 2361 211 2415 nant
227 2372 277 2428 per
291 2369 390 2426 exemp
403 2369 450 2410 uni
464 2358 494 2410 et
507 2354 684 2425 doctrinam;
701 2360 729 2413 et
784 2372 870 2420 ouem,
887 2361 940 2412 etc.
953 2373 960 2425 ;
975 2358 1066 2425 dolor,
1083 2375 1168 2430 supra
1187 2364 1370 2419 consuetudi·

143 2428 173 2486 in
196 2424 372 2484 vestimentis
397 2424 473 2494 laici,
514 2426 597 2483 uibus
625 2427 730 2484 sullicit
784 2444 861 2497 nem,
876 2427 1033 2485 secundum
1047 2429 1115 2486 illud
1132 2432 1310 2492 Thronoi-um
1329 2435 1372 2493 :0

143 2500 246 2559 albedo
262 2497 334 2554 nivis
355 2512 407 2570 per
425 2442 594 2555 muniitiam
614 2499 729 2569 mentis,
784 2516 832 2557 eos
846 2515 937 2556 omnes
953 2504 1002 2571 qui
1017 2505 1162 2559 transitis!
1176 2510 1245 2573 etc.;
1261 2505 1372 2562 humili-

144 2571 240 2630 carnis
255 2575 284 2627 et
298 2568 410 2641 operist
786 2576 840 2641 tas,
858 2586 945 2643 supra
962 2571 1106 2641 virtutem,
1125 2578 1283 2633 secundum
1302 2576 1374 2635 illud

181 2647 357 2712 thensauro
371 2642 474 2697 Morsis
487 2658 519 2696 ar
530 2641 603 2697 Euris
614 2658 730 2705 aiusors
785 2646 963 2701 Threnorum
987 2660 994 2699 e
1014 2647 1166 2703 Recordare
1186 2653 1372 2721 paupertatis,

146 2732 247 2773 musis.
267 2744 302 2755 -
325 2716 362 2769 Et
380 2729 438 2769 eece
464 2720 654 2785 apparuerunt
672 2716 731 2770 illis
787 2720 841 2772 ete.
858 2713 945 2786 Loqui
965 2721 1060 2772 aulem
1078 2717 1203 2790 ipsorum
1219 2724 1273 2791 est,
1288 2723 1374 2779 talem

145 2785 326 2858 Mopsesjan
341 2785 731 2853 mortuus,secundumani-
788 2785 909 2857 gratiam
938 2788 1141 2860 redemptionis
1170 2792 1296 2850 lutuiam
1325 2808 1374 2865 per

145 2875 234 2927 mam,
249 2858 280 2915 in
303 2872 424 2928 corpore
439 2862 597 2928 assumpto,
616 2858 660 2914 vel
678 2856 732 2914 sihi
788 2857 940 2925 Christum,
956 2859 1127 2917 testimoniis
1148 2863 1230 2935 Legis
1252 2874 1280 2922 et
1304 2867 1375 2922 Pro·

147 2932 292 3002 adaptato,
308 2928 509 3001 sicutquando
524 2931 733 3012 apparentem
788 2931 937 3004 phetarum
956 2932 1168 3003 praefiguratam
1194 2952 1257 2993 esse
1277 2942 1376 2994 osten·

146 3003 203 3077 geli
214 3001 243 3060 in
255 2999 603 3075 corporibusassumphs3
619 3003 734 3059 etlilioa
788 3003 866 3060 dere.
883 3002 917 3057 Et
933 3004 1100 3076 notandum,
1119 3008 1260 3078 quodnon
1276 3008 1374 3081 loque·

146 3074 330 3134 adhuciiiius
345 3072 374 3128 in
389 3072 484 3129 anima
497 3078 526 3129 et
539 3089 735 3148 corporepro·
789 3078 894 3133 bantur
920 3074 955 3130 de
984 3076 1032 3131 tali
1061 3078 1200 3147 materia,
1230 3086 1376 3152 tamquam

147 3145 331 3219 prio,allatus
340 3143 375 3199 de
380 3143 526 3225 paradiso.
534 3146 735 3226 apparuerunt
789 3147 949 3203 indicantes
962 3147 1074 3204 Christo
1093 3166 1156 3221 qum
1174 3150 1312 3221 nesciret3
1328 3149 1377 3210 sed

148 3232 213 3274 cuin
243 3214 353 3272 Christo
379 3215 425 3269 isti
450 3214 507 3270 duo
532 3222 735 3287 potiusquam
791 3233 856 3275 eum
875 3216 1044 3289 adorabant,
1065 3222 1100 3277 de
1118 3223 1239 3280 adventu
1262 3228 1326 3295 ejus
1350 3223 1378 3280 iu

149 3287 209 3357 alii,
229 3286 302 3343 alter
326 3292 464 3353 mortuus,
484 3284 558 3341 alter
580 3286 673 3343 adhuc
698 3286 736 3341 ii·
791 3304 890 3355 carne;
907 3294 936 3344 et
956 3290 1022 3361 quia
1042 3295 1205 3364 mysterium
1224 3296 1378 3365 Passionis,

149 3375 213 3423 vus,
233 3356 264 3415 iu
288 3355 402 3427 signum
427 3356 504 3437 quod
530 3355 683 3440 virentium
708 3364 737 3414 et
792 3360 868 3432 quod
894 3358 947 3432 ipsi
971 3364 1172 3436 praediierant,
1192 3366 1327 3426 viderunt
1351 3368 1380 3424 in

149 3434 344 3497 mortuorum,
365 3443 416 3484 seu
435 3436 501 3483 vitas
525 3433 554 3485 et
581 3435 681 3485 mortis
700 3431 738 3485 sit
791 3431 1127 3507 Christoeomplendum;
1140 3444 1166 3495 et
1179 3439 1377 3512 lmtilortasse,

150 3501 300 3584 Dominus,
316 3502 345 3557 et
364 3498 440 3571 quod
450 3499 522 3571 justi
542 3504 601 3584 tam
620 3500 736 3584 mortui,
792 3504 859 3589 quia
882 3503 1014 3562 ridebant
1033 3511 1237 3594 redemptionis
1256 3528 1316 3570 sure
1340 3517 1380 3570 to-

152 3572 667 3725 statimiussit-'liti’iti
681 3588 738 3701 iil
791 3577 1378 3720 iithliitliiiltthilllltili:

152 3715 183 3773 in
200 3731 286 3773 carne
303 3714 476 3787 reperiendi,
491 3715 535 3773 vel
550 3731 568 3773 a
582 3721 673 3774 morte
692 3732 737 3774 re·
792 3736 846 3777 nus
860 3719 983 3792 Christo,
1000 3724 1067 3795 quia
1082 3729 1139 3783 tani
1155 3727 1281 3797 gloriosa
1293 3728 1379 3786 lacios

153 3786 310 3846 suscitandi
333 3791 416 3868 suut,
443 3787 589 3858 regnaturi
615 3792 682 3846 sunt
709 3788 738 3845 in
792 3792 915 3849 debebat
934 3794 974 3850 sie
994 3797 1123 3868 conspui,
1140 3799 1224 3855 etsie
1240 3801 1380 3857 invidiose

153 3858 246 3942 gloria
266 3873 332 3915 cuin
352 3857 412 3914 illo.
433 3860 514 3928 item,
537 3866 569 3918 ut
587 3860 739 3917 ostendant
793 3862 878 3933 tradi,
891 3868 920 3920 et
931 3866 1065 3937 judicari,
1079 3873 1107 3925 et
1122 3870 1259 3943 cruciligi.
1274 3874 1379 3929 Notau-

152 3947 245 4004 ipsum
269 3945 333 4012 esse
352 3945 436 4001 quem
460 3931 542 4012 legis
562 3937 591 3989 et
615 3933 738 4004 Prophe·
792 3935 860 3992 dum
880 3935 975 4007 etiam,
997 3938 1072 4011 quod
1088 3944 1224 4013 gaudium
1247 3958 1381 4017 magnum

152 4007 245 4061 tarum
260 4006 365 4073 scripta
380 4001 573 4083 predixerunt
590 4008 618 4060 et
629 4004 737 4075 promi·
791 4008 896 4064 lactum
907 4014 949 4064 ost
959 4011 1101 4083 Apostolis
1112 4024 1140 4069 et
1152 4017 1312 4088 Prophetis,
1326 4030 1382 4073 nou

152 4082 262 4143 serunt,
275 4079 304 4131 et
316 4080 346 4130 ut
360 4074 426 4129 lunc
440 4080 575 4155 appareat
590 4075 667 4157 quod
682 4078 737 4132 Les
792 4079 883 4136 solum
912 4079 948 4137 de
981 4087 1233 4156 transfiguratione
1264 4087 1382 4158 Christi,

143 4151 181 4205 et
197 4150 251 4203 Pro
272 4149 346 4204 heta
369 4162 386 4202 a
403 4145 533 4202 doctriua
554 4147 658 4203 Christi
679 4163 736 4203 uon
792 4152 841 4207 sed
856 4152 953 4221 etiam,
967 4158 998 4208 ut
1013 4155 1080 4211 dicit
1093 4160 1221 4229 Ephrem,
1233 4158 1268 4216 de
1284 4165 1385 4216 mutua

153 4164 336 4289 diaconiam
359 4222 389 4301 at
412 4217 490 4290 quod
517 4218 582 4274 linis
604 4217 686 4290 Legis
709 4224 738 4302 et
792 4221 912 4305 risione,
940 4223 1007 4296 quia
1032 4227 1182 4304 utriusque
1208 4230 1383 4290 Testamenti

153 4290 359 4364 Prophetarum
380 4305 412 4348 in
433 4305 486 4349 suo
504 4304 637 4348 sermone
654 4290 736 4350 Chn-
790 4293 933 4367 principes
951 4300 1116 4371 congregati
1138 4306 1213 4374 sunt,
1234 4318 1301 4361 cuni
1324 4306 1382 4362 Deo
