2820 4928
186 359 226 414 ll'lt
254 363 414 418 battitiis
442 366 480 420 ΕΤ
507 370 603 428 notis
631 377 649 429 ll
679 376 806 431 boltlfo
833 378 955 433 stittls
983 381 1154 440 TRth'llS.
1241 392 1287 445 305

54 485 114 546 sal,
138 481 251 550 quando
272 483 307 539 ad
337 484 444 550 honum
459 488 570 549 invitat.
593 498 645 554 lle-

52 549 200 621 gotiemur
215 570 282 624 ergo
298 555 421 614 fideliter
436 560 471 618 de
496 563 580 622 honis
596 585 645 625 na-

54 625 140 692 turas,
153 623 264 694 gratie,
280 632 308 682 et
323 627 444 687 fortuna
457 634 540 691 uobis
556 638 643 711 datis,

52 692 124 765 qnia
149 696 184 752 do
207 697 341 755 omnibns
365 702 507 761 rationem
534 710 643 768 redde-

51 780 126 821 mus.
143 769 295 837 Fugiamus
310 771 464 844 pigritiam,
483 779 549 849 qnia
561 783 644 854 piger

54 834 150 894 locniii
177 839 290 897 diaholo
305 851 458 917 praeparat,
479 857 508 905 et
533 854 643 912 otiosus

51 909 134 979 quasi
165 911 296 982 pulvinar
318 921 362 971 est
384 912 501 991 diaboii,
531 921 560 980 in
585 942 641 998 quo

51 979 222 1062 requiescat.
243 983 381 1043 Omnibus
405 1005 517 1061 quoquc
550 998 641 1055 modis

50 1052 157 1179 quibus
170 1069 331 1125 possumus,
345 1063 535 1136 nosmetipsos
543 1084 640 1125 emen-

72 1125 159 1193 anilo,
173 1128 215 1181 vel
229 1125 301 1183 alios
314 1129 486 1206 adjurando,
499 1138 640 1197 talentum

52 1194 233 1254 Dominicum
267 1214 398 1272 erogare,
429 1213 457 1262 et
491 1215 638 1277 erogando

50 1266 241 1339 multiplicare
276 1273 452 1343 studeamus,
479 1286 577 1352 utpote
603 1285 638 1340 dc

50 1352 110 1408 quo
147 1341 174 1395 in
204 1340 331 1399 districto
358 1347 466 1417 judicio
496 1353 637 1411 rationein

49 1409 192 1467 reddituri
220 1429 338 1485 sumus;
356 1433 408 1475 nec
434 1437 465 1478 se
480 1423 583 1494 aliquis
600 1428 637 1484 ab

48 1480 105 1536 hac
137 1498 170 1538 ne
191 1483 329 1542 otiatiunc
354 1506 488 1550 excusare
518 1496 635 1568 poterit,

47 1552 120 1624 quia
134 1499 227 1611 nuilus
240 1561 282 1613 ost
297 1559 344 1629 qui
362 1563 499 1621 talentum
512 1583 567 1624 riori
588 1585 635 1625 ac-

45 1625 167 1695 ceperit.
183 1627 262 1684 Unde
274 1629 441 1697 Greporiiis:
458 1660 467 1687 ι
484 1639 635 1698 Sciendum

46 1711 118 1777 vero
134 1702 187 1769 ost,
200 1700 275 1770 quod
288 1701 383 1759 nullus
403 1708 484 1778 piger
497 1712 533 1768 ab
548 1727 580 1767 ac
596 1717 635 1769 ia·

46 1766 118 1823 lenti
133 1770 297 1841 acceptione
317 1790 433 1834 securus
457 1785 510 1848 est,
539 1783 635 1840 nullus

45 1854 173 1911 namque
186 1849 230 1898 est
253 1843 301 1914 qui
315 1848 454 1906 veraciter
469 1852 566 1910 dicat:
583 1858 634 1911 Ta·

44 1908 155 1992 lentum
171 1914 285 1972 minime
300 1918 406 1990 accepi,
424 1929 539 1981 nonest
560 1928 634 1983 unde

45 1990 186 2040 rationem
200 2001 305 2058 ponere
319 2006 414 2061 cogar.
431 1993 539 2051 Talenti
558 1998 634 2054 enim

44 2053 173 2135 homine,
193 2057 308 2115 cuilibet
326 2063 454 2135 pauperi,
474 2066 559 2124 etiam
580 2070 634 2126 hoc

43 2130 633 2203 ipsnmreputabitur,quodvelminimum

45 2197 181 2269 accepit;
206 2200 279 2259 alius
306 2220 427 2277 namque
448 2211 555 2280 accepit
585 2212 634 2269 do-

46 2284 115 2325 num
131 2269 336 2344 intelligentiae,
353 2277 565 2348 predicationis
578 2283 633 2339 ini-

44 2340 195 2398 nisterium
210 2345 295 2402 debet
308 2364 340 2403 eii
351 2349 459 2406 talento
471 2370 478 2418 ;
490 2354 563 2409 alius
573 2356 633 2425 qui·

46 2413 113 2469 dem
134 2419 279 2473 terrenam
300 2420 488 2478 substantiam
511 2426 631 2498 occepit,

44 2486 242 2558 erogationem
262 2489 361 2546 talenti
377 2491 460 2549 debet
477 2511 510 2550 ex
527 2499 632 2565 retius3

44 2555 118 2615 attus
133 2574 200 2615 roro
215 2560 313 2617 didicit
325 2569 415 2619 artem
429 2580 484 2635 qua
497 2566 631 2638 pascitur,

43 2627 105 2701 ipsa
128 2645 175 2686 ars
186 2632 211 2687 ei
227 2632 325 2689 talenti
340 2640 503 2706 acceptione
519 2643 631 2710 reputa-

45 2703 111 2768 tnr;
126 2703 199 2758 alius
212 2712 307 2761 autem
324 2706 525 2765 familiaritatis
539 2710 632 2767 locum

45 2774 124 2843 apud
141 2773 259 2832 divitem
275 2777 387 2845 meruit,
402 2780 543 2837 talentum
565 2799 630 2854 pro-

41 2842 118 2900 fecto
148 2846 348 2905 familiaritatis
372 2851 490 2924 accepit.
520 2855 631 2910 llabcns

42 2915 131 2988 igitur
149 2916 338 2992 intellectum,
353 2930 433 2978 curet
447 2923 576 2993 omuino,
594 2942 630 2982 rie

42 2992 158 3057 iaceat3
175 2991 280 3047 habens
290 3008 387 3048 rerum
402 2995 581 3053 affluentiam
592 2997 630 3053 vi-

42 3058 124 3129 gilet,
138 3076 173 3116 nc
184 3077 202 3117 a
214 3061 416 3121 misericordia
432 3066 563 3137 largitate
574 3073 630 3125 tor·

42 3137 161 3204 pescut3
177 3134 286 3191 habens
318 3141 419 3206 artem,
437 3154 493 3209 qua
508 3143 627 3210 regitur,

42 3218 217 3285 magnopere
237 3206 360 3275 studeat,
386 3214 418 3264 nt
438 3225 520 3266 nsum
543 3217 629 3282 atque

42 3275 195 3332 utilitatem
211 3276 285 3334 illius
305 3295 368 3336 cum
389 3280 517 3351 proximo
534 3283 628 3364 patia-

40 3354 109 3417 tur,
129 3347 264 3420 loquendi
292 3350 383 3408 locum
412 3355 488 3424 apud
512 3354 628 3411 divitem

40 3419 164 3489 habens,
186 3438 235 3493 pro
257 3422 430 3495 pauperihus
459 3424 626 3483 intercedat.

41 3493 164 3549 Tantum
184 3492 288 3566 quippe
307 3496 343 3551 ab
367 3512 552 3569 unoquoque
575 3515 626 3555 rio·

41 3570 134 3619 strum
156 3575 289 3622 venturus
312 3566 403 3623 indeii
420 3568 515 3640 exigit,
531 3586 627 3642 quan-

42 3641 104 3691 tum
120 3636 207 3693 dedit.
227 3657 241 3687 >i
258 3637 625 3714 Consideremuscrgoquae

40 3706 214 3777 accepimus,
230 3713 314 3779 atquc
330 3708 357 3764 in
373 3725 471 3767 corum
487 3714 627 3794 erogatio-

41 3793 78 3834 ne
102 3777 414 3848 rigilcinus‚nullanos
442 3798 460 3838 a
485 3783 627 3855 spirituali

42 3864 129 3920 opere
146 3855 259 3906 terrena
272 3866 340 3907 cura
353 3851 499 3923 impediat,
510 3871 545 3910 ne
562 3857 585 3910 si
598 3855 628 3912 in

42 3923 120 3976 terra
139 3921 277 3978 talentum
304 3923 497 3994 absconditur,
527 3925 626 3983 talenti

42 3991 177 4049 Dominus
192 3994 228 4049 ad
250 3994 323 4051 iram
348 4003 526 4068 provocetur.
548 3998 626 4055 Unde

41 4066 236 4133 ilupustinus:
254 4091 266 4114 «
280 4066 477 4139 Unusquisque
487 4072 562 4140 quod
573 4071 624 4126 ha·

41 4137 89 4193 bet
104 4143 220 4208 praestet
235 4137 328 4207 alteri,
347 4138 485 4211 quidquid
498 4141 562 4213 plus
578 4144 626 4198 ha-

40 4209 89 4265 het
114 4209 252 4280 largiatur
265 4209 355 4282 inopi.
374 4210 453 4268 Alius
470 4214 556 4270 habet
574 4229 623 4286 pe·

40 4279 155 4337 cuniam
175 4304 181 4338 ι
200 4286 298 4409 gascat
327 4297 491 4363 pauperem,
523 4286 625 4341 vestiat

40 4353 162 4422 nudum,
173 4369 199 4410 ae
218 4351 297 4410 iflcet
314 4353 475 4423 ecclesiam,
490 4362 623 4429 operetur

136 4450 203 4504 Viri
215 4452 282 4506 insu
293 4453 500 4512 (tanisrrmoiius
515 4456 564 4509 Ill.

699 479 734 536 de
749 480 805 537 dua
817 483 938 554 pecunia
950 485 1088 559 quidquid
1101 491 1169 548 boni
1181 499 1285 566 potest.

700 553 777 608 illins
792 554 878 611 habet
890 557 1059 615 consilium:
1079 571 1161 634 regat
1184 567 1286 637 proii-

700 640 788 693 mum,
802 633 830 681 et
849 627 937 699 pcllat
950 632 1083 689 tenebras
1098 634 1286 695 dubitationis

699 695 761 751 lucc
775 698 909 769 pectoris.
921 701 999 757 Alius
1010 703 1097 761 habet
1107 706 1286 766 doctrinam:

699 783 767 838 crgo
795 769 830 825 de
860 770 975 829 cellario
1003 775 1114 832 Domini
1145 778 1289 839 ministret

698 839 841 897 conservis
859 840 977 912 cibaria,
1005 846 1144 905 confortet
1176 852 1287 923 fideles,

697 917 812 968 revocet
843 919 983 984 errantes,
1014 925 1122 987 quaerat
1147 923 1286 993 perditos,

697 989 836 1052 quantum
852 990 945 1057 potest
964 987 1058 1046 faciat.
1074 992 1123 1047 Est
1141 995 1217 1063 quod
1231 994 1286 1053 sibi

697 1060 814 1126 erogent
825 1073 967 1130 pauperes
978 1077 985 1114 :
996 1059 1068 1116 alius
1081 1062 1183 1120 claudo
1196 1067 1285 1139 pedes

695 1129 904 1254 accgmmodet,
934 1129 1008 1187 alius
1031 1149 1107 1190 caeco
1127 1151 1195 1192 suos
1210 1155 1283 1196 oru-

694 1197 737 1252 los
771 1215 837 1256 tices
851 1201 987 1271 praebeat,
1003 1203 1075 1260 alius
1091 1205 1187 1263 visitet
1201 1208 1282 1266 infir·

694 1284 783 1338 mum,
801 1271 875 1327 alius
896 1274 1016 1344 sepeliat
1043 1282 1190 1336 mortuos:
1215 1286 1282 1337 sunt

692 1338 748 1396 ista
768 1340 797 1396 in
812 1345 956 1412 omnihus,
974 1351 1005 1401 ut
1031 1363 1148 1419 prorsus
1163 1350 1281 1409 difficile

691 1410 855 1470 inveniatur
870 1415 984 1487 aliquis,
1013 1418 1061 1489 qui
1088 1437 1147 1477 non
1175 1423 1281 1480 habeat

692 1484 766 1540 nude
782 1485 889 1556 aliquid
910 1487 992 1544 altori
1008 1496 1134 1561 praestet,
1151 1499 1180 1549 et
1208 1494 1280 1552 illud

691 1561 851 1613 extremum
867 1565 896 1614 ct
911 1575 1047 1630 magnum
1064 1563 1140 1634 quod
1156 1565 1281 1638 aitilpo-

690 1627 815 1684 stolusad
830 1631 942 1686 Galatas
957 1654 963 1688 :
980 1633 1061 1687 Alter
1076 1635 1194 1691 ulterius
1207 1640 1282 1693 invi·

689 1715 744 1755 cem
758 1717 840 1756 onere
853 1708 948 1759 restra
958 1709 1078 1776 portate,
1093 1710 1172 1771 etsie
1184 1709 1280 1764 odim-

689 1773 802 1842 plebitis
822 1774 907 1842 teqem
926 1776 1040 1832 Christi.
1061 1797 1075 1826 »
1096 1778 1176 1835 Unde
1194 1779 1280 1837 etiam

691 1844 921 1912 chrysostomus:
950 1868 965 1898 «
992 1847 1096 1905 Omnia
1121 1849 1281 1908 inferamus

689 1915 725 1971 ad
749 1915 941 1984 proximorum
970 1919 1143 1976 utilitatem:
1174 1922 1281 1980 talenta
1333 1964 1336 1975 .

688 1986 767 2043 enim
797 1987 858 2043 haec
887 1993 954 2044 sunt
979 1992 1203 2075 uniuscujusque
1226 1992 1281 2049 vir·

688 2062 747 2126 tus,
767 2057 826 2114 sive
857 2057 887 2114 iii
909 2068 1136 2133 praeminentia,
1168 2063 1226 2120 sire
1249 2064 1279 2121 in

688 2128 826 2202 pecuniis,
858 2129 915 2187 sive
942 2130 973 2187 in
997 2131 1136 2203 doctrina,
1159 2135 1218 2192 siro
1246 2135 1277 2192 in

688 2201 889 2274 qualicumque
904 2203 953 2259 tali
972 2207 1097 2276 negotio
1117 2207 1216 2263 Nullus
1231 2207 1274 2263 di·

688 2279 744 2343 cat,
760 2273 894 2344 quoniam
910 2291 999 2331 unum
1015 2277 1154 2336 talentum
1169 2279 1274 2348 habeo,

688 2351 716 2402 et
731 2362 786 2401 non
799 2362 916 2418 possum
931 2347 1035 2415 lacere,
1053 2354 1147 2422 potest
1166 2356 1194 2407 et
1221 2366 1274 2424 per

688 2418 964 2499 unumapprobatns
991 2435 1074 2479 esse:
1110 2438 1169 2479 non
1195 2421 1273 2478 enini

688 2505 718 2545 es
733 2489 817 2544 vidua
830 2490 877 2544 illa
891 2491 1053 2571 pauperior,
1069 2510 1127 2549 non
1142 2510 1173 2549 es
1189 2495 1274 2550 Petro

687 2566 715 2617 et
729 2562 839 2616 Joanno
858 2560 1001 2633 rusticior,
1019 2564 1067 2634 qui
1091 2569 1120 2620 et
1136 2564 1231 2622 idiotae
1246 2569 1275 2621 et

686 2630 816 2687 illiterati
845 2632 981 2701 fuerunt;
1012 2633 1061 2689 sed
1081 2639 1176 2692 tamen
1203 2652 1275 2707 quo·

689 2703 765 2759 niam
783 2702 958 2760 desiderium
986 2712 1227 2778 monstraverunt,
1246 2712 1275 2764 et

686 2775 722 2832 ad
742 2790 922 2831 communem
940 2773 1092 2832 utilitatem
1119 2776 1215 2835 omnia
1231 2777 1274 2835 fe·

686 2852 797 2913 cerunt,
812 2846 902 2902 coelos
927 2849 1187 2930 apprehenderunt,
1204 2848 1273 2905 nihil

685 2918 762 2975 enim
781 2923 825 2974 cst
854 2917 971 2974 ita'Deo
995 2918 1118 2975 amicum
1146 2925 1220 2976 sicut
1238 2920 1276 2977 ad

685 3005 865 3047 communem
887 2989 1041 3046 utilitatem
1064 2990 1170 3047 vivore.
1202 2993 1273 3048 Pro-

683 3068 746 3134 pter
757 3061 822 3130 hoc,
834 3077 995 3117 sermonem
1007 3060 1175 3119 nobisdedit
1183 3064 1271 3144 Deus,

684 3138 711 3191 et
729 3149 841 3201 manus,
858 3137 885 3187 et
900 3133 995 3202 pedes,
1023 3138 1051 3189 et
1070 3135 1197 3206 corporis
1212 3150 1271 3190 rir-

683 3209 784 3272 tutem,
799 3211 828 3260 et
844 3203 1031 3273 intellectum,
1047 3211 1075 3261 ct
1095 3221 1222 3274 sensum,
1238 3210 1270 3262 ut

683 3275 815 3333 omuibus
834 3274 880 3331 liis
899 3281 927 3331 et
942 3276 978 3332 ad
998 3283 1125 3333 nostram
1141 3277 1268 3349 ipsorum

683 3350 814 3413 salutem,
831 3352 859 3403 et
885 3347 921 3403 ad
939 3346 1133 3418 proximorum
1158 3347 1267 3405 utilila-

683 3425 740 3476 tem
754 3428 878 3476 utamur.
894 3420 955 3475 Non
973 3435 1044 3491 opus
1056 3427 1100 3476 est
1114 3419 1210 3477 multis
1221 3419 1269 3503 hic

683 3492 765 3549 nobis
780 3489 973 3559 sermonibus,
995 3507 1030 3546 ne
1053 3508 1088 3548 ue
1108 3494 1195 3564 longa
1214 3508 1270 3549 cir-

683 3563 817 3629 cuitione,
832 3562 918 3619 instat
943 3561 1019 3619 enim
1063 3565 1269 3628 eatusPanlus,

682 3635 865 3693 ratiocinium
875 3638 968 3690 ferens
982 3640 1010 3690 et
1022 3634 1134 3692 dicens:
1149 3636 1270 3691 Dissolvi

682 3714 708 3764 et
721 3725 777 3763 esse
792 3723 853 3762 cum
868 3707 974 3762 Christo
994 3708 1079 3761 mutto
1098 3709 1189 3775 mnqic
1215 3721 1270 3760 me·

683 3782 738 3835 ltus
753 3783 818 3844 cst3
845 3793 1003 3847 permonere
1025 3783 1116 3833 autem
1141 3780 1171 3832 in
1186 3791 1268 3832 carne

682 3849 775 3919 magis
797 3851 980 3904 necessarium
999 3854 1043 3905 cst
1061 3853 1173 3921 propter
1198 3862 1267 3928 oos3

682 3927 710 3978 et
726 3923 763 3989 ei,
778 3920 825 3991 qui
841 3920 876 3976 eil
890 3919 1033 3976 Christum
1048 3924 1110 3975 erat
1124 3919 1270 3975 discessio·
1285 3980 1294 3995 Ι

683 3992 723 4061 ni,
735 3991 890 4063 praeposuit
905 3990 1024 4062 proriimi
1039 3990 1267 4072 edificationem.

684 4067 742 4121 lloc
755 4063 832 4121 enim
849 4063 970 4119 inaximo
985 4068 1028 4118 est
1041 4077 1174 4118 esserum
1190 4062 1269 4118 Chri-

683 4143 739 4205 sto,
756 4137 931 4192 voluntatem
944 4135 1007 4205 ejus
1020 4133 1123 4197 facere,
1138 4133 1268 4191 voluntas

682 4216 779 4265 autem
798 4208 860 4279 ejus
874 4205 942 4262 nihil
963 4209 1007 4260 est
1034 4203 1085 4271 ita,
1104 4203 1176 4262 sicut
1192 4203 1270 4278 quod

681 4280 795 4353 expedit
831 4276 950 4334 roiiimo.
970 4275 998 4334 Si
1018 4276 1141 4333 enimin
1162 4276 1269 4336 secula-

680 4353 760 4410 ribus
773 4295 866 4409 nuiius
878 4346 988 4420 sibiipsi
1009 4347 1088 4420 risit,
1105 4348 1157 4407 sod
1170 4354 1200 4407 et
1217 4364 1268 4408 ar-

1173 4456 1204 4503 20
