2820 4928
119 366 161 421 li‘!

467 359 624 414 stetini
651 358 772 411 latiis
799 358 902 410 olidi
930 356 991 410 trix

115 482 184 551 gant
198 477 234 534 air
247 494 291 537 eo.
306 488 358 529 nec
376 470 503 527 reierunt
515 467 569 524 sibi
584 466 693 539 gratias
717 472 722 541 i
750 465 907 524 secundum
919 464 1055 522 eumdem
1069 466 1196 533 iisdem,
1213 467 1262 540 qui
1277 471 1344 529 dero

113 551 185 607 sicut
201 544 342 618 simplices
368 549 397 599 et
421 556 569 612 pauperes,
590 539 693 612 quibus
718 546 721 553 '

109 626 150 677 tot
175 621 250 676 bona
273 631 331 672 non
354 612 483 671 contulit.
507 612 590 678 Quasi
610 611 692 667 dice·
717 660 720 683 ,

106 697 192 750 rent:
208 689 296 746 lubia
310 692 405 743 nostra
421 689 449 739 et
463 682 568 740 diuitiae
582 700 599 738 n
614 684 693 739 uobis
717 686 721 741 l

106 768 171 819 suut
198 764 260 832 quis
280 764 372 814 noster
388 758 519 812 Dominus
545 758 604 810 est?
630 756 693 825 ipse
717 748 720 771 “

107 840 202 892 eutem
220 848 292 888 unus
304 827 412 901 gratias
421 826 532 897 agendo
549 830 575 881 in
591 825 692 881 taciem
717 866 720 893 ,

108 904 220 972 cecidit,
236 902 303 985 quia
319 901 379 957 sola
392 906 489 956 crucias
505 897 635 953 Ecclesiae
648 912 693 953 ca·
717 922 720 963 ;

107 977 149 1034 dit
160 976 189 1033 in
200 977 298 1032 lactem
310 973 442 1030 adorans.
457 971 524 1025 inde
537 968 692 1025 notandum
717 966 720 1007 Ι

107 1054 151 1106 est
161 1047 235 1120 quod
246 1046 416 1119 quamioque
426 1040 555 1124 prostrati
565 1056 691 1121 oramus,
717 1048 722 1149 p

108 1121 155 1179 ubi
171 1129 293 1192 quatuor
306 1115 511 1190 praetendimus
525 1130 532 1168 :
546 1113 693 1168 rcrirrmrta-
718 1174 721 1189 Ι

107 1198 164 1250 iem
178 1190 317 1263 corporis,
331 1188 398 1260 quia
411 1187 446 1242 de
458 1183 573 1257 pulvere
588 1181 692 1255 sumpti
718 1196 721 1257 ς

106 1280 219 1332 sumus;
235 1261 429 1318 infirmitatem
449 1255 548 1323 animi,
564 1254 633 1327 quia
646 1271 692 1310 ca·
717 1270 722 1341 Ι

108 1352 170 1392 sum
184 1352 217 1392 cx
237 1333 329 1399 nobis,
350 1347 406 1387 nou
423 1328 597 1386 erectionem
610 1342 627 1382 a
641 1342 692 1381 no·
717 1344 721 1397 3

108 1407 162 1469 bis,
179 1406 230 1463 sed
245 1422 261 1461 u
278 1407 333 1459 ileo
350 1403 501 1466 habemus;
521 1399 691 1454 erubescen·
717 1408 721 1441 τ

106 1477 175 1533 tiam
190 1478 226 1533 de
242 1474 335 1541 maiis,
351 1473 418 1598 Ἱυία
437 1487 495 1540 prce
511 1468 692 1525 multitudiue
717 1454 722 1531 l

104 1553 287 1620 peccaturum
303 1560 354 1599 ocu
368 1560 398 1597 os
416 1541 453 1597 ad
479 1543 581 1596 coeium
598 1540 692 1597 levare

105 1636 163 1674 uon
185 1618 341 1682 audemus3
368 1612 559 1685 prudentiam,
576 1609 642 1681 quia
662 1610 690 1666 in

104 1689 207 1746 laciem
220 1686 350 1743 cadimus
363 1692 391 1741 et
407 1682 537 1738 ridemus
552 1681 602 1737 uiri
616 1681 692 1737 cadi-

106 1776 179 1826 mus,
192 1759 222 1815 id
246 1764 286 1814 est
312 1755 387 1829 quod
403 1754 432 1810 in
453 1753 573 1809 ierrenis
596 1754 689 1823 attigi-

104 1848 180 1888 mur.
195 1828 371 1900 Quandoque
384 1842 461 1893 vero,
470 1824 688 1895 iiexisgenibus,

105 1908 135 1960 ut
150 1904 296 1972 Salomon,
313 1902 362 1957 sed
378 1903 472 1956 erecto
485 1897 577 1979 capite
594 1903 622 1953 et
634 1898 689 1953 eie·

104 1980 168 2033 rata
193 1974 264 2032 lucie
292 1988 423 2039 oramus;
453 1985 532 2042 quasi
564 1969 689 2025 dicentes

104 2063 155 2119 pro
171 2045 313 2105 desiderio
331 2046 431 2118 patriae
448 2062 457 2098 a
472 2043 560 2097 Trete
573 2058 615 2096 me
627 2046 690 2112 post

104 2124 139 2174 te.
151 2120 327 2189 Quandoque
340 2122 435 2173 autem
446 2120 553 2170 sienim
561 2129 688 2182 oramus,

105 2205 158 2245 nos
172 2206 251 2259 spem
265 2190 294 2244 in
309 2186 472 2243 coelestibus
487 2185 592 2239 habere
607 2184 688 2240 desi-

103 2266 234 2331 gnantes,
254 2264 281 2316 et
308 2257 387 2329 quasi
415 2255 542 2310 dicentes
564 2258 689 2313 :Nostra

103 2334 273 2387 maversotio
289 2332 318 2384 tn
333 2329 406 2382 cretis
422 2331 482 2391 est;
499 2330 527 2380 ct
544 2324 615 2381 iilud
632 2344 639 2381 :
656 2330 688 2382 in

102 2401 213 2457 minum
240 2402 351 2458 Domini
374 2398 503 2453 laetantes
522 2397 634 2452 ibimus.
656 2400 686 2454 in

101 2475 194 2546 primo
214 2491 283 2546 ergo
297 2471 481 2541 exprimemus
494 2468 686 2526 conditionem

101 2552 244 2615 nostram,
260 2541 435 2608 insecundo,
451 2539 641 2605 desiderium;
656 2541 685 2596 in

99 2616 195 2687 tertio,
217 2634 307 2691 spem.
329 2617 358 2671 in
380 2611 548 2670 memoriam
572 2629 684 2683 quoque

98 2689 316 2746 resurrectionis
332 2685 485 2743 [lominica
501 2682 684 2755 temporePa·

98 2759 187 2816 sciraii
201 2769 230 2818 et
244 2762 345 2818 diebus
371 2754 528 2817 dominicis,
556 2756 684 2827 exemplo

98 2838 262 2890 sanctarum
288 2829 458 2895 mulierum,
485 2825 628 2883 inclinatis
653 2827 683 2883 in

98 2908 206 2961 terrain
218 2905 350 2974 cultibus,
367 2916 492 2967 oramus,
510 2915 561 2954 nos
578 2905 684 2955 terram

98 2980 127 3032 et
142 2977 289 3049 pulverem
310 2992 372 3033 csse
392 2990 455 3030 cum
474 2971 619 3028 Abraham
638 2988 683 3027 re-

98 3047 235 3107 colentes.
255 3052 331 3107 Unus
349 3062 418 3117 ergo
440 3059 571 3100 reversus
590 3042 618 3099 in
641 3043 682 3097 ia·

99 3116 171 3175 ciem
186 3121 223 3176 acl
239 3122 326 3192 pedes
339 3121 408 3175 iesu
423 3114 536 3183 cecidit,
553 3131 585 3170 ac
601 3113 683 3170 uobis

100 3188 269 3247 humilitatis
290 3198 319 3247 et
334 3187 508 3261 poenilentiae
523 3185 682 3256 exemplum

100 3261 237 3340 ostendit.
266 3261 357 3329 Unde,
385 3257 541 3314 secundum
568 3257 680 3320 Rectum,

98 3344 129 3385 ru
145 3332 248 3389 taciem
263 3332 351 3399 cadit,
374 3328 421 3399 qui
449 3328 484 3383 de
512 3327 682 3399 perpetratis

99 3400 183 3480 malis
192 3400 345 3460 erubescit.
361 3399 401 3455 ibi
412 3397 489 3455 enim
498 3396 582 3452 homo
594 3397 681 3467 cadit,

98 3470 138 3551 dii
152 3472 344 3532 contunditur.
363 3468 414 3538 Qui
431 3469 460 3525 in
480 3467 581 3524 iacicm
595 3469 680 3538 cadit,

97 3544 174 3603 videt
199 3562 256 3618 quo
277 3545 369 3608 cariat,
390 3539 437 3613 qui
465 3548 553 3610 retro,
570 3539 680 3609 lapsum

95 3634 178 3677 suum
195 3633 253 3674 non
267 3615 353 3672 videt.
368 3611 438 3670 Boni
452 3628 520 3684 ergo
534 3611 564 3668 in
580 3612 680 3669 taciem

95 3690 212 3758 cadunt,
230 3687 296 3759 quia
311 3684 463 3744 humiliant
482 3701 512 3741 sc
535 3682 566 3740 in
581 3682 624 3739 iris
638 3683 679 3739 vi-

93 3761 237 3831 sibilibus,
256 3764 285 3817 ut
299 3760 334 3815 ad
349 3755 504 3814 invisibilia
518 3755 676 3825 erigantur.

92 3835 156 3893 ilnli
171 3841 248 3892 rotro
262 3831 376 3895 caduni;
395 3844 461 3901 quia
474 3828 579 3885 cadunt
594 3826 624 3883 lu
639 3829 679 3882 in-

92 3906 262 3973 visitinous,
298 3900 344 3959 ubi
371 3900 454 3956 miido
484 3916 541 3956 non
569 3898 676 3965 vident,
701 3888 705 3967 l

92 3979 160 4052 quid
186 3994 237 4035 eos
263 3981 329 4033 tunc
355 3969 566 4045 sequuturae
590 3971 677 4042 pedes
701 3976 704 4033 i

90 4051 177 4107 etiarn
191 4053 260 4107 iesu
277 4045 363 4115 cadit,
379 4050 408 4103 et
420 4042 528 4111 gratias
545 4041 614 4114 agit,
628 4041 675 4113 qui
700 4040 703 4070 ³

89 4137 121 4179 se
135 4123 172 4179 ad
189 4119 373 4195 percipienda
398 4115 446 4172 liei
464 4114 603 4172 bemircia
621 4112 675 4168 hu-

90 4193 192 4262 miliat,
209 4192 256 4276 qui
284 4191 352 4250 nihii
380 4185 435 4245 sibi
457 4185 568 4243 virtutis
592 4184 673 4241 attri·
698 4208 702 4237 ι

90 4264 160 4333 buit,
176 4282 225 4347 qur
243 4266 320 4321 berra
339 4278 402 4389 iuae
422 4259 519 4328 habet,
531 4258 567 4315 de
586 4255 671 4314 mise·
697 4268 701 4341 ᾗ

89 4334 214 4392 ricordra
230 4333 278 4391 Dei
295 4349 326 4391 se
355 4334 450 4391 labere
468 4328 609 4402 iutelligit.
627 4329 671 4397 Ei,
696 4344 700 4393 i

752 545 797 594 lus
811 544 877 593 ante
892 535 1042 593 Dominum
1057 537 1184 605 cecidit,
1200 550 1345 612 surgereet

751 608 793 666 ire
807 608 980 682 praecipitur,
995 607 1068 680 quia
1083 613 1134 680 qui
1155 610 1344 671 inlirmiiaien

750 697 830 737 suam
848 696 1007 751 agnuscens
1028 680 1193 739 irumiiiter
1212 684 1290 755 jacet
1305 702 1345 758 per

750 752 836 809 divini
860 750 936 808 verbi
957 752 1221 819 consulationem,
1243 772 1344 829 surgere

750 823 885 905 ad‘iortia
897 838 985 905 opera
998 828 1038 891 et,
1054 825 1268 884 crescentibus
1281 846 1344 900 quo-

749 896 818 951 trdrc
834 901 950 961 merlin,
964 896 999 951 ad
1014 896 1238 966 perier-tionem
1254 902 1345 972 pasin

751 968 889 1039 prolicere
905 966 1032 1038 Jubctnr.
1056 969 1145 1023 iiunc
1169 976 1270 1027 autem
1286 972 1344 1029 tides

751 1038 859 1094 sairum
875 1038 950 1106 iacit,
968 1053 1054 1108 quem
1071 1039 1110 1095 ad
1131 1041 1252 1112 gratias
1265 1060 1344 1116 agen-

750 1109 802 1166 das
813 1109 939 1176 inclinat,
952 1115 980 1164 et
990 1125 1006 1164 e
1018 1118 1141 1178 contra,
1158 1114 1283 1179 perfidia
1293 1116 1344 1172 iilos

750 1181 877 1262 damnat,
889 1180 936 1253 qui
950 1180 985 1236 de
997 1197 1065 1237 acce
1090 1183 1130 1238 tis
1148 1184 1342 1243 beneficiisin·

750 1257 823 1378 giam
839 1259 915 1321 sunt,
930 1257 958 1308 el
975 1254 1032 1308 Dco
1075 1270 1129 1310 are
1153 1256 1282 1327 gloriam
1299 1276 1342 1316 ne·

750 1330 872 1395 giguni.

785 1418 800 1466 7
818 1396 1035 1451 ireniurcmus
1052 1413 1268 1459 narnensxsro.
1279 1405 1338 1458 -iu

750 1467 803 1522 ircic
818 1482 886 1538 ergo
909 1466 1030 1538 capitulo
1047 1466 1164 1541 ingrati
1184 1474 1223 1529 de
1245 1474 1339 1532 benoli-

749 1537 800 1594 cris
814 1537 1063 1610 reprehenduntur
1078 1558 1094 1596 a
1117 1543 1263 1602 Domino.
1280 1545 1337 1602 iiul·

750 1614 809 1665 tum
833 1616 875 1665 est
892 1608 1044 1666 laudabilis
1066 1611 1167 1672 virtus
1194 1616 1337 1688 gratitudo,

749 1688 777 1737 et
795 1681 878 1738 vaide
893 1681 1078 1749 acceptabilis
1099 1686 1168 1742 Deo
1190 1689 1336 1760 gratiamu

749 1752 834 1810 actio.
855 1768 887 1808 ac
908 1752 1078 1810 detestabile
1094 1755 1207 1816 vitium
1231 1760 1259 1816 iu
1308 1759 1336 1815 ti·

748 1826 826 1880 tudo.
844 1824 923 1880 Unde
935 1825 1115 1892 Augustinus
1136 1849 1178 1884 :u
1203 1834 1255 1900 Qui
1288 1847 1335 1888 me-

748 1895 803 1951 lius
818 1895 914 1951 animo
930 1911 1077 1965 geruncus,
1093 1908 1149 1956 aut
1165 1919 1219 1960 ore
1235 1919 1334 1976 proma·

748 1983 821 2035 mus,
837 1972 886 2024 aut
900 1967 1009 2023 calaum
1023 1969 1244 2044 exprimamus,
1262 1991 1334 2046 quan

748 2043 778 2094 ut
792 2041 849 2095 lieo
863 2038 970 2111 gratias
982 2043 1130 2105 agamus?
1146 2046 1210 2102 iioc
1229 2062 1280 2103 nec
1290 2045 1335 2102 dici

747 2110 872 2192 brevius,
887 2128 939 2167 nec
954 2110 1000 2192 agi
1012 2112 1200 2173 fructuosius
1214 2123 1308 2185 poti-st
1322 2138 1334 2169 s

747 2183 892 2264 Eicierum
902 2201 908 2238 :
918 2204 931 2235 u
941 2185 1088 2253 Scroquod
1104 2185 1334 2258 ingratitudodis·

746 2253 850 2335 placeat
863 2254 926 2322 tibi,
937 2270 1001 2325 qua¹
1017 2254 1099 2311 radin
1115 2266 1164 2315 est
1180 2260 1262 2317 totius
1274 2258 1332 2315 mali

745 2325 911 2395 spiritualis,
928 2332 955 2382 et
970 2332 1072 2382 ventus
1092 2345 1189 2387 umens
1203 2338 1228 2389 et
1248 2329 1326 2388 exsic-

745 2411 898 2453 causumue
914 2398 1029 2464 bonum,
1052 2400 1215 2461 obstruens
1230 2402 1322 2457 dantem

744 2467 850 2525 divinae
861 2468 1062 2525 misericordiae
1079 2487 1175 2543 super
1186 2472 1327 2541 homiuem,

744 2546 839 2608 quoei
860 2542 936 2597 maia
958 2547 1070 2597 mortua
1091 2544 1155 2613 jam
1170 2548 1330 2612 reuriuntur,

744 2626 778 2665 nc
793 2611 864 2667 uitri
877 2613 953 2668 bona
965 2610 1178 2684 adipiscantur.
1193 2639 1206 2670 u
1220 2617 1294 2674 Unde
1308 2622 1332 2671 ei

742 2684 901 2763 liei-nardus
913 2701 920 2738 :
933 2707 947 2735 u
959 2685 1083 2754 iiignnm
1095 2696 1142 2742 est
1154 2705 1269 2759 semper
1279 2704 1332 2761 gra·

744 2759 797 2809 tras
812 2770 908 2826 agere,
926 2755 993 2827 quia
1008 2758 1085 2812 Deus
1101 2774 1264 2831 numquam
1278 2776 1331 2816 ces·

742 2832 786 2881 sat
802 2827 981 2883 benefacere.
1002 2850 1012 2877 ι
1030 2829 1064 2883 iit
1078 2832 1185 2887 iterum
1204 2849 1211 2886 :
1230 2852 1245 2883 u
1260 2832 1331 2889 Disce

742 2895 771 2952 iu
786 2897 935 2953 referendo
948 2898 1070 2980 gratiam
1085 2917 1145 2957 uon
1160 2919 1225 2959 esse
1240 2904 1330 2959 tardus

742 2974 790 3050 aut
803 2968 915 3040 segnis3
927 2969 1004 3026 disce
1015 2974 1050 3026 ad
1062 2971 1176 3042 singula
1186 2975 1266 3031 dona
1276 2990 1329 3041 gra·

741 3046 796 3096 tras
810 3056 905 3111 agere.
921 3044 1085 3111 iiiiipeuter,
1101 3043 1197 3115 inquit
1221 3045 1252 3102 in
1268 3048 1328 3102 Pro·

742 3112 973 3183 remismundo
982 3120 1183 3185 qrraeupposito
1195 3122 1263 3173 sunt
1273 3117 1327 3183 tibi,

742 3184 858 3266 utnulla
872 3183 1001 3241 videlicet
1014 3184 1063 3241 Dei
1075 3188 1152 3242 dona
1164 3188 1263 3244 debita
1273 3204 1327 3261 gra-

740 3261 845 3337 tiarum
855 3255 966 3312 actione
978 3257 1163 3327 frustrentur,
1176 3276 1235 3315 nun
1249 3276 1326 3331 gran·

740 3327 798 3408 dia,
817 3345 874 3384 mm
891 3326 1056 3392 mediocria,
1074 3345 1133 3384 non
1146 3329 1264 3400 pusilla.
1281 3334 1327 3388 lie·

740 3415 826 3470 mque
848 3400 983 3471 jubemur
1006 3400 1143 3471 colligere
1170 3406 1327 3476 i'ragmeuta

740 3486 785 3552 ne·
797 3479 926 3542 percant,
942 3470 971 3527 id
984 3476 1025 3527 esi
1041 3487 1094 3527 nec
1107 3471 1231 3530 minima
1244 3475 1324 3531 bene·

739 3541 806 3597 licia
831 3542 969 3598 oblivisci.
997 3540 1140 3614 Numquid
1170 3561 1230 3602 non
1259 3544 1325 3619 peril

738 3613 817 3694 quod
834 3612 958 3671 donatur
979 3612 1117 3696 ingrato?
1147 3616 1324 3690 ingratitudo

738 3700 854 3741 inimica
873 3693 918 3741 est
940 3701 1053 3754 amma,
1070 3687 1229 3745 exinanitio
1245 3686 1323 3745 meri·

737 3759 843 3837 torum,
860 3756 995 3813 virtutum
1007 3756 1170 3828 dissipatio,
1185 3758 1323 3817 brinorum

736 3826 887 3908 dispersio,
903 3828 1109 3884 beneficiorum
1123 3830 1264 3901 perditio.
1279 3833 1321 3887 iu-

736 3900 879 3971 gratitudo
895 3906 938 3956 est
951 3905 1052 3956 ventus
1068 3916 1154 3957 urens
1170 3906 1199 3959 et
1214 3902 1321 3960 siccans

735 3970 788 4027 sibi
815 3974 921 4027 iontem
944 3971 1069 4043 pietatis,
1090 3988 1187 4030 rorem
1207 3972 1320 4032 miseri·

733 4041 856 4111 cordiae,
872 4045 978 4099 iluenta
991 4043 1101 4114 gratiae.
1118 4065 1133 4093 »
1148 4045 1247 4112 Qualis
1261 4060 1322 4103 rem

734 4112 837 4195 debeat
861 4130 924 4170 esse
947 4115 1106 4186 gratiarum
1130 4116 1225 4181 actio,
1246 4119 1323 4175 docet

735 4184 809 4241 idem
826 4187 1128 4250 amaritudinem:
1147 4206 1162 4240 u
1179 4190 1243 4245 Nou
1264 4196 1321 4246 ian

735 4257 898 4338 tumuerim
920 4262 957 4338 ¹et
980 4259 1089 4331 lingua,
1106 4260 1157 4316 sed
1183 4276 1271 4333 opere
1294 4262 1320 4316 ot

734 4331 854 4385 veritate
863 4327 1048 4387 exhibeamus
1059 4330 1318 4405 nosmeupsosgra-
