2820 4928
85 409 131 463 ³52
442 404 602 460 SECUNDA
630 405 746 462 elatis
774 405 878 459 eleut
908 405 964 460 tvl

87 517 253 589 priusquam
272 514 365 584 polius
378 529 468 570 vocem
486 513 529 570 lois
553 514 671 584 dederit,

90 593 131 644 ter
143 591 385 656 esmeaopoturus.
402 585 454 643 Ubi
465 587 647 656 Hieronymus
663 601 671 642 :

90 683 104 710 ι
121 661 220 716 Petrus
233 658 268 715 de
281 657 385 714 ardore
395 656 461 713 fidei
476 656 671 729 promittebat,

90 736 120 787 et
138 729 279 797 Salvator,
296 729 378 802 quasi
403 731 488 799 Deus,
512 729 609 787 lutura
621 745 671 786 no-

89 806 209 859 verat.»
230 804 318 858 Nemo
343 818 411 874 ergo
430 801 460 858 in
481 818 522 871 se,
544 817 629 858 nemo
643 801 673 857 in

90 872 197 931 viribus
219 873 278 931 suis
304 874 450 930 confidere
467 878 579 947 potcst;
605 872 674 945 quia

89 945 183 1003 omnis
207 948 379 1015 constantin,
405 947 500 1003 omnis
529 945 619 1002 virtus
645 949 674 1002 et

88 1016 238 1089 tortitudo,
252 1035 308 1076 non
323 1018 457 1083 hominis,
475 1018 524 1076 sed
545 1017 595 1075 Dei
618 1023 671 1073 est.

90 1089 172 1147 Unde
189 1092 264 1148 Beda
284 1109 291 1148 :
314 1110 328 1144 o
349 1091 401 1160 Qui
416 1091 494 1148 solus
510 1089 589 1148 norit
603 1088 672 1162 quid

88 1161 126 1217 sit
145 1163 173 1219 in
196 1164 322 1233 homine,
345 1179 381 1220 ne
396 1162 459 1235 quis
474 1161 601 1220 fidelium
619 1177 671 1218 suo

89 1235 133 1290 vel
150 1235 186 1292 de
201 1242 276 1293 statu
291 1237 401 1292 incaute
425 1235 561 1303 confidat,
578 1234 620 1289 vel
636 1233 672 1290 de

90 1320 157 1363 casu
176 1307 321 1364 incautius
345 1306 468 1377 diiildat,
489 1305 571 1379 quasi
597 1308 672 1362 Deus

88 1378 217 1449 modum,
230 1385 353 1452 tempus,
369 1395 402 1435 ae
416 1394 566 1436 numerum
582 1393 671 1448 nega·

88 1447 173 1507 tionis
187 1453 247 1524 ejus
260 1450 400 1523 praedicit.
415 1471 430 1505 o
447 1452 526 1507 Unde
541 1456 569 1507 et
583 1452 673 1507 Remi·

88 1525 152 1591 pius
179 1540 187 1578 ι
221 1543 235 1576 o
258 1522 404 1579 ltioraliter
434 1521 613 1581 instruimur.
639 1526 672 1578 ut

87 1598 224 1664 quantum
242 1593 414 1650 confidimus
428 1595 463 1650 de
478 1594 580 1650 ardore
590 1591 669 1663 ildei,

87 1667 198 1721 tantum
218 1664 369 1721 timeamus
391 1665 426 1721 de
446 1665 541 1721 carnis
561 1662 669 1737 tragili-

85 1739 153 1793 tnte.
172 1757 186 1789 o
203 1736 279 1793 lstud
295 1736 413 1793 verbum
425 1735 549 1805 Domini,
562 1736 598 1793 de
614 1752 671 1792 ne-

87 1809 202 1879 gatione
218 1806 304 1877 Petri,
320 1809 430 1867 llarcus
443 1813 476 1865 ut
489 1807 671 1881 praemissum

86 1885 130 1936 est
158 1879 272 1954 plenius
302 1883 405 1938 ceteris
432 1879 580 1955 expressit.
605 1882 672 1938 Post

88 1951 209 2023 primam
222 1952 301 2011 enim
316 1953 498 2036 negationem
522 1953 597 2010 Petri
614 1959 670 2009 sta-

86 2023 136 2080 tim
148 2026 242 2107 'gallus
254 2032 388 2108 cantavit,
400 2032 428 2082 et
439 2032 506 2083 ante
514 2026 672 2107 secundum

86 2096 345 2241 illicitis
361 2101 673 2241 stillicidii

89 2239 156 2311 galli
182 2247 295 2297 cantum
321 2247 364 2296 est
390 2242 536 2309 inchoata,
560 2245 588 2297 et
605 2247 671 2297 ante

86 2311 242 2367 secundum
255 2312 404 2381 completa.
421 2311 475 2368 Alii
492 2328 560 2368 vero
579 2313 671 2368 Evan-

89 2381 208 2453 gelistae,
228 2382 356 2438 dieentes
376 2401 382 2440 :
410 2389 560 2454 antequam
577 2385 671 2452 potius

89 2459 189 2526 contet,
203 2461 244 2511 ter
258 2471 301 2510 me
316 2456 441 2525 nopotis
457 2456 492 2512 de
511 2454 671 2527 inceptione

88 2525 170 2584 trime
181 2526 341 2599 negationis
353 2534 452 2600 agunt,
469 2527 497 2584 id
512 2533 556 2584 est
565 2526 670 2583 trinam

85 2600 268 2671 negationem
296 2600 462 2668 inchoabis;
484 2601 533 2657 sed
559 2601 670 2656 Marcus

87 2670 122 2727 do
140 2671 330 2744 completione
350 2674 411 2744 ejus
427 2671 550 2744 scripsit.
581 2672 614 2727 Et
629 2674 672 2727 ait

85 2743 132 2798 ilii
156 2748 274 2802 Petrus:
305 2747 425 2802 Etiamsi
448 2745 600 2817 oportuerit
629 2759 672 2800 me

728 515 798 570 mori
812 519 911 583 tecum,
925 528 985 569 aon
1008 515 1039 569 te
1060 511 1189 582 negabo.
1204 511 1322 571 intellexit

728 583 804 642 enim
819 584 895 657 quod
909 582 1025 642 timore
1040 584 1154 642 mortis
1170 585 1320 659 prediceret

728 672 793 714 eum
824 673 886 714 esse
922 661 1133 738 negaturum
1163 666 1193 715 et
1217 659 1252 715 ob
1281 660 1321 714 noc

727 728 840 786 dicebat
854 729 932 801 quod
953 729 1028 785 licet
1044 729 1219 802 periculum
1237 731 1321 786 mortis

727 799 900 868 immineret,
911 800 997 858 nullo
1008 806 1119 858 tamen
1129 803 1220 859 modo
1230 804 1320 874 aleius

728 873 784 929 lide
799 872 894 929 divelli
919 878 1032 944 posset
1059 877 1220 944 Similiter,
1237 875 1321 942 idest,
1361 900 1363 905 ·

727 945 828 1002 eodem
843 960 941 1002 amore
954 951 985 1001 et
999 945 1136 1016 fervore,
1151 954 1179 1003 et
1193 947 1322 1002 omncsdi·

726 1020 768 1073 sei
787 1018 829 1072 uli
854 1017 1003 1083 diacum,
1019 1033 1057 1074 ac
1074 1019 1226 1075 servorem
1246 1019 1321 1075 intre·

726 1034 825 1162 pffiom
847 1089 1056 1159 ostenderunt,
1080 1096 1113 1147 et
1132 1107 1188 1164 per
1203 1091 1320 1147 ardorem

727 1159 831 1218 mentis
853 1161 996 1218 damnum
1014 1165 1128 1219 mortis
1149 1180 1211 1219 non
1232 1166 1319 1220 timue·

727 1237 794 1290 runt
806 1251 812 1303 ;
828 1232 878 1289 sed
891 1249 950 1289 non
966 1240 1252 1307 perseveraverunt,
1265 1237 1319 1307 quia

726 1321 800 1362 rana
818 1303 872 1361 tuit
896 1305 1097 1379 praesumptio
1118 1309 1252 1364 humana
1272 1310 1321 1364 sine

726 1375 903 1451 protectione
922 1377 1035 1436 divina.
1059 1379 1147 1436 Unde
1170 1382 1319 1449 ctrososto-

726 1465 787 1505 mus
802 1466 809 1506 :
826 1468 841 1502 o
858 1447 930 1505 ilinc
942 1465 1014 1522 ergo
1034 1465 1184 1523 magnum
1198 1451 1320 1508 discimus

728 1522 842 1592 dogma,
858 1521 934 1593 qood
948 1538 1007 1578 non
1025 1522 1142 1580 sufficit
1156 1522 1320 1581 desiderium

727 1592 863 1663 hominis,
880 1591 933 1649 nisi
950 1593 1056 1650 divino
1074 1595 1187 1667 aliquis
1203 1595 1319 1678 potiatu

727 1665 870 1722 auxilio.»
886 1666 919 1720 Et
929 1674 1008 1734 nota,
1024 1667 1110 1738 qnod
1123 1667 1274 1740 multiplex
1285 1670 1320 1726 est

726 1736 800 1794 ratio
814 1737 890 1810 quod
902 1739 976 1794 Deus
990 1737 1136 1810 permisit
1152 1741 1271 1797 Petrum
1282 1755 1317 1797 ce

727 1809 796 1866 dere
812 1830 819 1866 ε
834 1808 936 1881 prima,
950 1814 982 1866 ut
996 1810 1101 1868 nullus
1121 1811 1161 1868 de
1176 1827 1210 1869 se
1224 1827 1317 1885 prasu

727 1889 804 1951 mat;
820 1881 997 1950 secundant
1006 1882 1077 1954 plus
1092 1883 1228 1953 Christo,
1243 1897 1317 1957 quan

728 1952 781 2010 sibi
798 1952 919 2025 quisque
931 1952 1050 2023 credat3
1073 1954 1181 2027 tertia,
1203 1961 1236 2012 ut
1249 1971 1316 2013 con·

727 2024 864 2097 primeret
882 2025 943 2097 ejus
968 2025 1149 2097 audaciam3
1167 2034 1278 2101 quarta.
1292 2032 1318 2084 nt

727 2095 776 2154 alii
792 2098 920 2168 exemplo
938 2097 1001 2168 ejus
1021 2097 1259 2172 instruerentur,
1272 2099 1317 2156 hu·

728 2184 842 2225 manem
861 2168 1048 2241 fragilitatem
1073 2187 1149 2228 exco
1173 2173 1274 2229 itantes
1293 2174 1317 2228 et

728 2240 778 2297 Dei
793 2239 941 2297 veritatem
948 2257 957 2322 3
973 2240 1087 2313 quinta,
1099 2251 1136 2300 ut
1148 2188 1254 2301 {etrus
1265 2241 1316 2300 alii·

727 2328 784 2441 gne
799 2311 909 2384 praelati
927 2313 1085 2384 discerent,
1106 2315 1240 2387 qualiter
1257 2315 1316 2372 sult-

747 2384 795 2440 itis
812 2384 935 2468 compati
948 2384 1107 2457 deberent;
1126 2392 1220 2456 sexta,
1236 2392 1266 2444 ut
1278 2402 1316 2444 er·

727 2472 776 2513 ror
790 2458 990 2514 haereticorum
1005 2457 1255 2529 contunderetur,
1278 2457 1317 2515 di·

728 2529 853 2610 centium
872 2528 948 2611 quod
974 2527 1080 2586 caritas
1103 2531 1200 2588 semel
1227 2529 1318 2588 habita

728 2616 785 2656 non
796 2605 945 2670 amittitur,
963 2615 1015 2657 nec
1030 2600 1146 2660 amissa
1157 2603 1265 2661 iterum
1276 2603 1318 2659 ha·

727 2671 788 2729 heri
804 2677 907 2744 potest,
917 2672 998 2744 euJ'us
1009 2673 1317 2734 contrariumomnino

729 2744 758 2801 in
774 2745 860 2802 Petro
873 2742 974 2819 patuit

631 2927 761 2988 anano

125 3115 147 3176 Ο
162 3114 208 3191 pie
217 3115 295 3182 Jesu,
307 3112 355 3188 qui
368 3108 510 3172 transiens
523 3108 559 3169 de
570 3111 741 3171 hosmundo
754 3111 791 3169 ad
806 3071 1099 3240 PatronuJoostquam
1112 3112 1322 3186 coenaticu-

87 3194 142 3260 pus
156 3195 235 3247 tuum
251 3194 279 3246 et
296 3187 468 3261 Sanguinem
482 3184 628 3314 discipulis
643 3187 680 3244 ob
695 3184 736 3242 tui
753 3183 920 3241 memoriam

955 3182 1050 3254 edisti,
1064 3189 1093 3242 et
1107 3185 1198 3243 nobis
1212 3201 1321 3244 sumen·

86 3259 154 3317 dum
179 3261 318 3333 reliquisti
332 3278 338 3328 ;
361 3259 522 3331 placuitque
538 3264 557 3313 tr
581 3257 599 3327 i,
614 3263 647 3314 ut
661 3261 710 3314 luo
725 3255 824 3313 reiecti
843 3257 977 3328 Corpore,
995 3260 1024 3312 et
1046 3259 1156 3339 potati·
1168 3258 1321 3329 Sanguine,

87 3346 210 3388 essemus
227 3349 259 3387 os
275 3332 310 3387 de
327 3333 438 3388 ossibus
453 3330 521 3398 tuis,
538 3335 566 3386 et
581 3346 646 3386 caro
667 3331 802 3386 decarne
821 3335 888 3397 tua;
904 3333 969 3401 pelo
989 3342 1055 3399 ego,
1070 3330 1208 3399 Domine,
1224 3336 1254 3387 et
1274 3330 1321 3387 ob·

87 3416 167 3458 seero
184 3419 233 3472 por
248 3402 381 3458 virtutem
397 3403 482 3472 huJus
497 3400 651 3458 inoilaloilis
678 3399 861 3469 sacramenti,
879 3406 909 3456 ut
924 3416 969 3456 me
983 3399 1104 3471 dignum
1125 3401 1218 3458 iacias
1232 3399 1320 3486 gralia

86 3477 145 3541 tua,
159 3481 187 3529 et
202 3478 281 3527 tanta
296 3472 492 3542 redemptione
512 3488 569 3526 non
588 3472 724 3541 irauder;
740 3478 769 3529 et
783 3473 827 3528 iac
839 3487 885 3528 me
907 3472 978 3529 tanti
992 3471 1123 3544 mysterii
1137 3480 1188 3530 tua
1203 3488 1317 3530 mosera·

85 3543 163 3601 tione
177 3543 356 3616 participem,
368 3548 398 3598 ut
412 3559 463 3614 per
477 3542 727 3613 participationem
738 3543 849 3600 reniam
859 3559 969 3600 merear
980 3549 1168 3616 peccatorum
1182 3551 1318 3627 optatam,

86 3624 115 3674 et
128 3620 249 3690 gratiam
265 3612 435 3698 proficiendi
450 3612 479 3669 in
498 3612 569 3686 tide,
586 3629 647 3685 spe,
662 3619 691 3671 et
705 3614 827 3674 caritate
840 3614 1007 3690 percipiam,
1026 3620 1055 3672 et
1071 3615 1110 3673 ad
1124 3616 1236 3689 gaudia
1246 3632 1317 3675 sem·

85 3688 377 3762 piternapertmgam.
393 3687 493 3743 Amen.
