2820 4928
161 364 192 415 68
524 361 683 415 SECUNDAE
710 363 827 417 liniis
856 361 960 415 CAPUT
989 363 1011 414 X

156 469 190 524 Et
214 466 317 525 iterum
336 483 343 522 ι
361 486 375 520 u
395 467 493 524 Nullus
515 482 614 524 eoruin
637 465 685 539 qui
709 466 739 525 in
788 484 881 540 neque
904 467 951 525 liic
977 467 1114 533 confidat,
1143 471 1305 531 multoties
1318 475 1384 532 enini

152 538 263 596 malitia
290 542 366 605 sunt,
391 536 503 595 diffidat
521 545 670 611 tamquam
691 540 738 595 de·
787 538 920 597 meretrix
934 540 1139 622 pertransibit3
1164 545 1383 626 nequeillede·

151 615 295 679 speratns;
311 625 395 666 nemo
410 607 441 665 in
454 608 604 667 virtutibus
614 609 738 669 existens
787 610 1032 684 speretpossibile
1045 627 1124 668 enim
1135 619 1182 669 est
1193 622 1278 684 ei,et
1287 617 1385 689 primos

150 679 286 738 dormitet
300 687 446 754 tamquam
463 683 581 739 omnino
597 698 735 752 securus,
786 682 908 740 transire
926 699 933 739 :
951 701 965 736 o
985 683 1047 740 hac
1062 685 1303 754 Chrysostomns.

688 869 817 929 ouante

188 1038 236 1095 Vae
250 1038 332 1109 initii,
345 1037 461 1097 miserot
478 1040 555 1113 quia,
575 1057 640 1098 cum
653 1041 690 1098 ad
703 1045 820 1115 peccata
831 1057 895 1114 qua
914 1041 967 1098 leci
986 1037 1117 1111 inspicio,
1133 1044 1164 1098 et
1178 1057 1219 1100 su
1242 1045 1330 1117 plicia
1351 1046 1386 1103 in·

155 1108 263 1182 telligo,
279 1126 343 1183 quat
368 1110 478 1183 probis
493 1113 552 1185 pati
578 1114 678 1183 debeo,
703 1129 762 1170 non
784 1129 909 1196 parrum
929 1110 1060 1194 timorem
1075 1111 1183 1169 habeo.
1245 1119 1295 1174 uid
1309 1119 1386 1189 ergo?

151 1182 315 1239 llemauebo
329 1182 407 1255 quasi
425 1183 602 1257 desperatus,
619 1185 679 1242 sine
695 1184 896 1253 consiliosius
916 1182 1082 1266 adjutorio?
1094 1183 1140 1266 Ad
1155 1188 1187 1242 te
1205 1186 1322 1246 sontem
1336 1192 1384 1262 pie

149 1253 217 1310 tatis
234 1259 263 1311 ct
277 1253 491 1321 misericordiae,
505 1259 572 1314 Jesu
587 1256 711 1325 Christo,
723 1273 807 1313 curro
819 1261 849 1313 et
866 1256 979 1322 festino,
995 1271 1025 1336 iii
1040 1270 1097 1327 quo
1108 1270 1173 1336 Jtam
1182 1262 1239 1338 ‚tot
1253 1265 1285 1317 et
1296 1266 1382 1319 tantos

148 1330 312 1396 peccatores
329 1327 443 1384 ablutos
456 1327 539 1385 video
550 1334 579 1385 et
593 1344 731 1401 agnosc03
749 1333 886 1400 tuamque
902 1327 1330 1408 ineffabilemmisericordiam
1342 1350 1381 1390 er-

148 1412 211 1465 oro,
227 1403 257 1453 ut
268 1397 338 1453 mibi
353 1397 394 1454 sic
408 1399 548 1456 concedas
563 1399 593 1456 in
610 1401 742 1470 praesenti
757 1415 881 1469 mecum,
894 1405 999 1456 etcum
1014 1402 1154 1454 ministris
1168 1400 1385 1478 tuiscompnu·

147 1467 256 1524 tionem
270 1468 382 1537 tacere3
398 1485 431 1525 ac
446 1470 591 1526 conservis
603 1470 674 1527 meis
684 1477 801 1542 peccata
812 1488 863 1528 sua
878 1470 1032 1537 dimittere,
1046 1473 1074 1526 et
1087 1485 1156 1526 mea
1171 1476 1345 1546 emendare,
1358 1480 1382 1533 ut

147 1537 301 1620 innluturo,
315 1538 430 1619 quando
441 1541 633 1668 Kersonaliter
644 1541 784 1599 rationein
803 1558 910 1615 ponere
925 1539 1049 1599 volueris
1064 1556 1132 1597 cum
1147 1544 1252 1604 serris
1265 1547 1333 1618 tuis,
1346 1547 1378 1604 di·

147 1612 245 1665 mittas
256 1610 327 1665 initii
342 1614 439 1682 quati
460 1627 469 1666 i
483 1611 573 1669 debeo
588 1616 617 1669 et
630 1612 777 1686 proximis.
792 1616 895 1672 Amen.
1048 1628 1053 1639 “

662 1937 800 2013 CAPUT
837 1935 871 2009 X

372 2172 409 2215 tit:
439 2168 535 2215 CAUSA
553 2166 731 2213 nittirmtttui
749 2166 883 2225 uxounit,
906 2168 945 2213 ΕΤ
958 2169 997 2214 DE
1013 2171 1159 2217 tantulis

621 2246 734 2293 nontltto
748 2246 883 2294 OBLATIS.

607 2404 731 2466 Matthaei
750 2422 813 2480 cap.
828 2408 898 2465 xix.

181 2633 191 2667 ι
206 2612 247 2666 bs
259 2625 381 2664 cinaei
390 2623 502 2664 rainsu-
511 2606 592 2663 lasus
605 2623 633 2663 m
647 2622 724 2662 ninas
778 2607 1369 2690 sequebantureumcausasuaepraedicat'a

140 2684 241 2739 tuone
254 2696 435 2742 iurinnosonu
448 2695 485 2735 ini
499 2695 594 2735 enisa.
610 2708 641 2719 -
659 2680 727 2734 Post
780 2678 1009 2747 onisaudiendae;
1021 2680 1058 2737 ali
1103 2683 1110 2738 i
1122 2699 1214 2743 caiisa
1222 2688 1368 2747 curationis

141 2754 213 2823 liaeo,
229 2768 293 2809 eum
309 2756 525 2808 consummasset
533 2746 672 2806 Dominus
680 2750 724 2803 Je·
779 2747 975 2820 impetrandae.
989 2750 1041 2808 Ubi
1078 2755 1277 2824 brysostomus
1296 2761 1368 2817 :int

139 2840 187 2881 sus
201 2838 336 2882 cannones
352 2825 425 2890 titos,
441 2823 573 2892 mtprcuit
583 2820 725 2878 utiotitaeo
780 2824 885 2903 secuta
903 2826 969 2904 aunt
983 2838 1050 2879 eum
1064 2826 1158 2884 turbae
1175 2830 1289 2901 muttae,
1302 2846 1367 2915 qm·

140 2901 166 2953 et
179 2899 255 2954 uenit
269 2899 300 2953 in
320 2897 388 2967 {iaec
400 2895 501 2951 tudae
524 2898 603 2950 trans
624 2892 724 2947 Jorda·
780 2906 804 2946 si
819 2894 982 2949 testimonia
994 2895 1127 2952 salutaris
1137 2900 1285 2960 doctrina
1299 2918 1365 2975 eins,

139 2985 210 3026 nem.
226 2967 326 3026 Omnis
338 2962 601 3095 ouipffieprorincia
613 2963 726 3021 iudeo·
780 2961 862 3044 quasi
880 2979 947 3020 ores
962 2971 1106 3047 pastorem
1124 2967 1156 3024 in
1178 2986 1270 3031 manu
1287 2972 1366 3047 ipsius

140 3056 204 3097 rum
218 3040 391 3112 generaliter
424 3038 551 3095 icebatur
564 3035 673 3104 tndaea,
688 3033 726 3090 ad
779 3039 883 3105 genita
891 3040 919 3091 et
928 3041 1042 3094 nutritae
1054 3055 1061 3106 ;
1073 3039 1279 3110 perducebant
1293 3060 1362 3113 enni,

140 3111 352 3168 distinctionem
366 3109 488 3166 aliarum
510 3107 656 3179 gentinm;
678 3121 726 3162 ve·
780 3104 861 3176 quasi
878 3106 987 3178 parvuli
1002 3108 1053 3164 filii
1073 3115 1189 3182 patrem
1203 3116 1268 3187 ejus
1284 3132 1364 3190 pere-

139 3187 302 3238 rumtamen
326 3179 485 3237 meridiana
505 3181 567 3250 ejus
586 3178 680 3251 plaga,
696 3175 727 3232 in
779 3191 830 3249 gre
851 3178 1085 3248 proficiscentem.
1102 3183 1167 3254 lpse
1182 3191 1283 3245 autem
1305 3194 1367 3245 tani·

140 3267 198 3323 qua
212 3252 383 3308 habitabant
395 3250 486 3306 tribus
504 3248 577 3306 tuda
596 3254 624 3304 et
636 3248 725 3304 tribus
780 3263 866 3320 quam
881 3254 961 3319 pater
976 3250 1160 3322 proficiscens
1174 3256 1257 3317 bona
1275 3259 1366 3333 pigno·

137 3322 288 3394 Benjamin
301 3363 309 3391 ,
330 3320 490 3394 specialiter
510 3318 658 3375 dicebatur
678 3321 726 3376 tu·
779 3336 813 3376 ra
822 3320 948 3378 caritatis
961 3322 1028 3380 tiliis
1040 3323 1098 3380 suis
1111 3326 1245 3400 reliquit,
1257 3347 1311 3404 pro
1320 3346 1363 3389 ex·

138 3392 212 3462 daea,
225 3393 261 3450 ad
275 3391 484 3450 distinctionem
497 3391 618 3447 aliarum
625 3389 725 3461 regio·
780 3391 861 3461 siliis,
885 3395 992 3451 scilicet
1004 3396 1131 3453 remedia
1143 3399 1307 3460 sanitatum
1320 3422 1330 3459 .·
1346 3420 1360 3455 i

136 3480 218 3533 num,
231 3480 295 3536 quae
310 3464 339 3520 in
354 3464 416 3537 ipsa
430 3462 725 3589 continebanturpro-
780 3464 841 3521 hac
851 3467 1161 3551 cbrysostomus3tlnde
1172 3472 1323 3601 saeuitum
1332 3474 1365 3533 Bt

135 3535 241 3606 vincia,
266 3534 391 3594 scilicet:
409 3537 536 3592 Samaria
555 3542 583 3590 et
597 3534 723 3602 Galiaea,
779 3539 887 3593 curauit
901 3553 945 3594 eos
961 3539 1012 3607 tbi,
1034 3539 1140 3596 scilicet
1156 3540 1188 3598 iii
1232 3546 1363 3617 udaeast

133 3607 283 3679 Decapotis
301 3613 329 3664 et
344 3607 461 3679 reliquae
471 3604 537 3688 atie
551 3604 612 3663 sitae
627 3603 657 3661 iu
676 3622 720 3662 ea.
777 3623 835 3663 non
853 3613 919 3665 ante
938 3608 968 3691 in
992 3610 1118 3680 Galilaea,
1144 3617 1178 3669 ut
1206 3615 1316 3675 Gentes
1335 3618 1361 3673 in

128 3680 287 3736 Narrantur
313 3696 381 3753 ergo
394 3694 428 3736 ea
443 3695 506 3752 quae
529 3694 560 3734 in
574 3679 628 3735 hac
647 3693 722 3760 pro·
776 3694 840 3735 eam
857 3679 1082 3739 misericordiam
1097 3684 1286 3757 seuveniam,
1303 3702 1361 3761 quat

129 3749 232 3819 vincta,
246 3750 353 3808 scilicet
364 3751 475 3820 iudaea,
492 3749 596 3807 tecitet
611 3749 718 3820 docuit,
774 3751 880 3808 tudaeae
902 3754 1067 3824 parabatur,
1087 3754 1257 3817 admitteret
1270 3777 1278 3829 ;
1293 3766 1321 3817 et
1333 3758 1361 3815 in

127 3820 719 3952 satietatiatltaett
773 3821 1359 3968 liliati‹tullcililbwblbffi

128 3966 298 4023 habitabant
325 3966 389 4023 duae
414 3966 521 4034 tribus,
546 3970 576 4019 et
598 3961 717 4019 dimidia
771 3964 813 4022 vit
827 3967 962 4023 Dominus
982 3969 1080 4024 turbas
1099 3973 1180 4026 trans
1194 3946 1357 4043 Jord'anein,

127 4041 255 4096 ltanasse
267 4055 275 4107 ;
285 4036 458 4119 deindeque
467 4035 715 4114 circatordauem,
771 4036 820 4093 ubi
840 4036 1001 4110 Baptismus
1013 4039 1155 4110 dabatur,
1174 4042 1246 4124 quia
1260 4058 1355 4102 omncs

127 4110 244 4183 quando
259 4112 337 4167 venit
348 4110 473 4177 iericho,
482 4112 510 4164 et
531 4106 715 4173 Bethaniam,
769 4124 787 4165 a
803 4107 999 4180 spiritualibus
1023 4109 1245 4173 infirmitatibus
1258 4115 1289 4173 in
1303 4118 1355 4173 Bt·

129 4187 158 4238 ct
171 4182 339 4239 Jerusalem.
351 4184 387 4238 Et
399 4184 497 4237 secuta
514 4181 580 4233 sunt
592 4192 662 4241 eum,
679 4176 715 4234 de
769 4179 872 4250 ptismo
893 4181 1047 4238 salvantur.
1066 4183 1100 4239 Et
1122 4181 1165 4240 sic
1187 4191 1269 4257 patet
1282 4184 1352 4259 qnod

129 4252 257 4320 Galilaea,
281 4255 368 4311 turbae
389 4254 493 4322 motta,
508 4265 543 4307 ei
559 4263 615 4320 quo
636 4252 715 4321 patet
768 4251 949 4323 Evangelista
962 4252 1161 4312 inunorerbo
1176 4260 1269 4315 multa
1277 4257 1354 4315 mira·

130 4322 244 4382 devotio
266 4325 364 4398 populi
386 4325 424 4382 ad
446 4338 533 4382 eum:
548 4319 616 4394 quia
630 4318 714 4377 multi
768 4322 833 4380 cula
844 4322 1000 4381 sanitatum
1009 4324 1141 4396 includit,
1149 4325 1230 4399 quia,
1240 4334 1351 4403 propter
