2820 4928
384 414 426 472 ull
453 412 563 471 stultis
590 416 764 474 iuventus
792 412 920 481 bodini,
948 416 1016 474 utu

84 522 175 583 dendi
200 522 360 594 materiam,
400 526 445 580 out
465 539 520 580 non
544 528 674 596 poterunt

84 599 215 655 resistere
226 601 252 653 et
264 597 462 666 contradicere,
470 612 561 652 omnes
574 597 674 653 aduer-

86 670 182 727 sort‘t:
204 668 347 741 quianon
372 684 405 726 ex
424 667 539 741 iugenio
559 670 604 725 vel
632 685 676 744 ar-

87 745 117 799 te
140 757 240 798 eorum
267 741 424 813 procedent
444 741 543 810 rerba,
567 741 617 798 sed
642 758 676 798 ex

87 813 211 886 Spiritus
229 813 323 870 Sancti
338 811 429 885 gratia
440 835 446 870 :
459 816 495 869 Et
510 819 574 869 tuno
591 830 677 869 scon-

86 885 289 943 dolizubuntur
303 887 394 953 multi,
404 884 433 941 id
445 892 488 941 est
502 883 647 942 discedent
660 902 678 943 a

87 957 157 1023 fide,
180 961 209 1014 et
225 961 309 1014 ruent
324 956 353 1012 in
373 973 498 1025 errores,
514 957 617 1013 timore
633 958 677 1014 vel

88 1027 679 1100 immanitaletormentorum,autporten-

88 1100 127 1158 tis
146 1116 199 1158 seu
215 1100 384 1158 muneribus
408 1101 527 1158 srdnoti.
553 1105 589 1158 Et
610 1119 678 1172 otoo·

89 1174 169 1229 aiom
194 1174 349 1229 abundabit
363 1176 511 1244 iniquitas,
527 1179 556 1230 et
570 1173 679 1230 malitia

90 1243 122 1302 in
136 1243 215 1301 falsis
231 1244 412 1313 Christianis,
429 1243 493 1301 ideo
508 1247 678 1314 res-ripeseet,

91 1323 122 1374 et
135 1316 250 1374 deficiet
273 1320 387 1386 coritas,
411 1314 440 1373 id
463 1322 505 1373 est
527 1333 593 1374 vera
608 1317 679 1374 dile·

91 1388 148 1445 etio
163 1404 233 1517 erga
246 1390 335 1446 Deum
355 1396 384 1445 et
396 1388 564 1457 proximum,
578 1392 678 1446 multo-

91 1477 164 1522 rum.
180 1460 189 1516 i
224 1468 267 1517 est
283 1462 309 1516 in
326 1460 422 1517 multis
434 1460 497 1517 aliis
510 1462 545 1518 ab
560 1461 623 1533 igne
639 1461 680 1518 di·

92 1530 151 1588 vini
165 1531 291 1600 amoris,
308 1531 373 1588 licet
385 1532 509 1588 totaliter
525 1549 581 1589 non
596 1534 679 1590 cadat

92 1606 124 1660 in
136 1603 186 1661 eis.
205 1606 243 1660 Er
263 1604 439 1661 abundantia
454 1607 529 1661 eninr
545 1603 680 1676 iniquita-

90 1675 128 1732 tis
142 1676 236 1733 oritur
253 1676 386 1748 tepiditas
405 1675 542 1745 caritatis,
557 1692 608 1747 pro
626 1677 679 1734 tri-

92 1747 252 1816 bulatione,
266 1764 329 1819 quae
342 1748 435 1805 calere
450 1747 598 1806 ridebatur
613 1754 680 1806 ante

91 1819 320 1885 tribulationem,
345 1825 373 1877 et
389 1820 418 1876 in
433 1835 513 1892 pace,
540 1820 678 1892 Denique,

94 1896 128 1948 ut
141 1892 181 1949 ait
196 1893 369 1959 Ambrosius,
386 1896 454 1949 tuno
471 1895 564 1964 justus
583 1891 610 1948 in
629 1893 680 1950 de·

93 1968 180 2034 serto;
196 1963 314 2035 iniquus
322 1969 417 2020 autem
434 1966 461 2020 iu
478 1964 682 2035 regno.Vol,in

96 2036 217 2103 eisdem,
228 2036 256 2092 in
268 2036 372 2108 quibus
390 2037 515 2093 abundat
534 2035 681 2107 iniquitas,

94 2107 255 2181 refrigeseit
269 2107 384 2164 caritas.
403 2109 484 2171 Nam,
494 2114 526 2163 ut
540 2110 579 2164 ait
595 2111 682 2165 itemt-

95 2183 171 2249 etur,
193 2184 300 2251 quanto
326 2178 417 2251 magis
446 2180 482 2236 ab
510 2196 684 2252 unoquoque

96 2251 238 2324 iniquitas
258 2251 422 2323 suscipitur,
449 2257 528 2308 tanto
561 2253 683 2324 amplius

96 2324 127 2381 in
143 2325 230 2381 corde
245 2323 334 2397 ipsius
345 2325 430 2381 ardor
444 2323 570 2381 caritatis
583 2325 682 2381 exstin-

95 2395 204 2525 guitur.
227 2397 281 2464 Oui
300 2402 390 2453 outem
418 2400 632 2468 perseveraverit
651 2396 682 2453 in

118 2468 155 2525 de
170 2467 307 2533 veritatis,
320 2470 349 2524 in
365 2484 462 2525 amore
480 2468 624 2537 bonitatis,
641 2485 683 2524 us·

96 2542 195 2612 quein
208 2544 298 2612 finem,
315 2546 343 2597 et
356 2540 510 2597 terminum
526 2541 589 2596 vitae
609 2556 682 2612 prze-

96 2610 198 2682 sentis‚
212 2628 390 2684 quocumque
410 2618 536 2684 tompore
556 2611 682 2684 incipiat,

97 2689 127 2741 et
142 2700 320 2757 quocumque
333 2691 461 2756 tempore
471 2683 628 2756 reincipiat,
640 2686 683 2740 hie

97 2758 254 2813 retruserit
266 2755 414 2838 3quoniam
430 2773 485 2812 non
494 2772 624 2829 coeprsse,
633 2754 683 2812 sed

95 2828 253 2902 persistere
272 2827 384 2884 virtutis
404 2835 456 2898 cst,
470 2834 499 2884 et
513 2845 571 2884 non
587 2828 683 2884 inolro-

97 2899 156 2957 atio
171 2901 341 2969 tolerantie,
351 2899 401 2955 sed
412 2902 623 2971 perseverantia
638 2916 682 2956 co·

95 2976 226 3030 ronatur.
243 2974 282 3028 lle
298 2973 352 3028 hac
367 2971 486 3028 matoria
501 2973 682 3043 perseeutio-

95 3059 168 3101 num
180 3044 270 3101 babes
286 3043 373 3100 latius
385 3059 470 3115 supra
488 3050 552 3115 post
572 3042 683 3100 missio-

96 3132 164 3173 nem
180 3117 391 3199 Apostolorum.
401 3117 454 3172 Sed
471 3115 682 3187 heopraedicta

96 3202 178 3245 more
204 3187 328 3256 insolito,
355 3192 384 3244 et
416 3189 504 3243 multo
531 3187 683 3244 violentius

94 3264 165 3317 tunc
177 3260 256 3324 fierit,
274 3275 358 3330 quam
371 3258 485 3315 evenire
507 3260 627 3331 soleant,
643 3258 684 3316 ita

95 3338 130 3389 ut
143 3348 195 3405 pro
212 3331 301 3404 signis
318 3334 489 3388 habeantur.

132 3417 328 3487 7Dnuuunrm
348 3415 496 3469 llvssuuun
514 3429 541 3468 nr
556 3427 684 3475 oussrmr

95 3503 236 3543 abversus
251 3489 350 3543 Douisr
364 3502 472 3541 srusuu.
489 3516 523 3526 -
534 3488 569 3541 Et
581 3486 684 3555 predi·

98 3559 209 3614 cabitur
222 3561 271 3613 boc
286 3560 468 3626 Esurreelium
480 3561 569 3626 reperi,
579 3560 609 3611 in
624 3559 684 3612 rent·

95 3630 252 3686 uersoorbe.
266 3629 432 3685 Prnclicutio
442 3629 511 3684 Novi
524 3631 685 3684 Testamen-

97 3700 117 3757 ti
127 3700 540 3770 diciturEeunpetium,ralione
553 3716 611 3756 suae
641 3715 685 3756 er·

96 3772 227 3829 iectionis
240 3780 267 3830 et
281 3772 415 3829 honitatis
437 3771 565 3842 triplicis,
584 3716 683 3852 cisseh·

97 3850 144 3902 eet
159 3863 166 3901 ε
183 3845 250 3917 quia
261 3847 367 3902 bonnm
381 3846 542 3903 honestum,
556 3858 623 3913 qum
638 3844 686 3898 bo-

96 3932 167 3973 uum
177 3917 344 3989 jucundum,
358 3916 426 3987 quia
439 3916 543 3970 bonum
558 3915 640 3981 utile;
657 3918 686 3968 et

98 3988 203 4046 dicitnr
214 3992 396 4058 Etrunpetium
407 4004 489 4055 repo,
500 3985 612 4041 ratione
624 4001 683 4041 snae

97 4060 261 4132 dignitatis;
282 4061 336 4129 rel,
352 4058 487 4128 finaliter,
503 4057 570 4129 quia
585 4056 621 4113 ad
639 4073 683 4113 ro-

97 4149 187 4205 gnum
200 4133 287 4200 ducit,
308 4133 384 4205 quod
401 4133 454 4187 Len
468 4147 524 4186 non
540 4128 661 4185 iaciebat
674 4145 681 4197 ;

98 4205 154 4275 vel,
172 4204 334 4275 causaliter,
348 4202 416 4275 quia
431 4216 513 4274 reges
527 4201 612 4282 iacit3
629 4201 682 4281 vel,

96 4277 295 4345 materialiter,
311 4275 376 4347 unia
392 4276 428 4331 de
442 4291 530 4346 regno
555 4273 680 4329 disserit.

96 4350 204 4407 lithos
228 4347 412 4422 Evangelium
426 4343 628 4420 praedicabitur
652 4346 684 4402 in

98 4424 285 4483 testimonium
299 4421 424 4478 omuibus
440 4419 582 4489 dentibus,
598 4416 627 4474 id
642 4420 685 4475 est

1270 415 1318 475 253

726 522 757 579 in
781 521 992 580 accusationem
1010 521 1066 593 bis,
1082 525 1131 607 qui
1151 541 1210 583 noa
1228 526 1318 583 eredi-

727 595 840 663 derunt,
858 596 906 667 qui
927 594 1003 652 enim
1022 596 1213 667 crediderunt,
1228 602 1316 655 testa·

728 668 834 725 buntur
855 667 992 725 adversus
1007 684 1065 738 eos,
1083 669 1130 741 qui
1151 685 1209 726 non
1228 670 1317 727 oredi-

729 741 841 809 derunt‚
851 746 880 796 et
895 756 944 796 eos
957 740 1186 798 condemnabunt
1196 759 1203 811 ;
1215 746 1242 797 et
1253 748 1320 799 tuno

728 815 818 868 veniet
832 816 1116 881 consummationum
1132 814 1168 870 ad
1181 814 1255 870 fines
1269 831 1317 871 or-

730 885 774 941 bis
800 890 882 940 terrm
903 899 997 940 sermo
1014 885 1126 955 pietatis
1146 886 1316 957 pervenerit,

730 973 766 1013 ne
781 956 883 1027 aliquis
896 972 1032 1013 excusare
1049 974 1079 1014 se
1095 959 1194 1030 possit.
1213 960 1319 1016 Secun-

731 1030 799 1086 dum
821 1030 1020 1097 deposuerim,
1043 1030 1208 1101 praedicatio
1226 1033 1319 1087 Eran-

731 1100 796 1174 gelii
814 1100 843 1156 iu
868 1107 928 1157 toto
948 1100 1066 1171 mundo,
1083 1103 1212 1173 quemvis
1234 1102 1321 1159 luerit

731 1172 974 1244 completaquoad
985 1174 1192 1231 omnosmuudi
1206 1181 1318 1247 partes;

731 1250 910 1301 nontamen
935 1245 1031 1316 quoad
1059 1262 1158 1303 omues
1178 1247 1319 1319 homines,

733 1319 762 1373 in
778 1315 912 1373 omuibus
927 1317 1057 1389 partibus
1076 1317 1174 1374 muudi
1194 1319 1319 1375 existen-

731 1393 784 1446 tes.
802 1388 882 1445 Unde
897 1391 926 1444 in
941 1406 1045 1445 omnem
1061 1396 1174 1460 terrum,
1195 1391 1318 1448 sednon

732 1463 874 1517 inomnes
899 1461 992 1518 omnis
1018 1466 1101 1519 terrae
1122 1466 1212 1519 estoit
1237 1477 1321 1520 sonus

732 1550 839 1599 eorum;
856 1530 911 1588 nisi
935 1532 1050 1589 iorsitau
1074 1551 1125 1606 per
1141 1550 1322 1591 communem

731 1605 761 1661 in
776 1603 902 1676 generali
916 1605 1040 1661 relatum
1055 1608 1188 1678 aliorum,
1197 1614 1226 1664 et
1244 1606 1321 1679 quod

733 1678 860 1733 nondum
875 1676 906 1732 in
932 1677 1064 1734 omnibus
1080 1680 1174 1736 iuerat
1196 1679 1320 1750 eomple-

732 1755 793 1807 tum
812 1753 993 1820 exspectatur
1010 1751 1222 1823 complendum.
1240 1751 1321 1808 Unde

733 1821 772 1878 ait
783 1824 965 1891 Hieronymus
988 1840 997 1876 ε
1014 1843 1029 1873 «
1045 1822 1162 1894 Signum
1181 1820 1321 1879 Dominici

734 1893 872 1949 adventus
893 1897 946 1961 est,
961 1891 992 1948 in
1019 1898 1078 1949 toto
1104 1897 1173 1951 orbe
1192 1897 1321 1967 Evange-

735 1964 802 2020 linm
821 1963 981 2045 praedicari,
1001 1963 1041 2021 ita
1056 1972 1088 2020 ut
1100 1966 1195 2023 nullus
1214 1966 1251 2022 sit
1273 1982 1325 2022 ex·

735 2036 885 2103 cusabrlis3
913 2036 1001 2108 quod,
1016 2042 1066 2092 aut
1088 2037 1150 2108 jam
1177 2053 1253 2094 nune
1280 2040 1324 2094 est

735 2110 917 2181 completum,
943 2113 992 2163 aut
1018 2107 1048 2164 in
1073 2108 1151 2166 brevi
1177 2108 1321 2166 eredimus

735 2197 798 2238 esse
822 2180 1033 2253 complendum.
1060 2183 1121 2237 h'ou
1150 2181 1228 2238 enim
1254 2187 1323 2253 puto

736 2255 870 2325 aliquam,
880 2253 910 2309 in
920 2251 1141 2323 universoorbe,
1151 2254 1324 2311 remansisse

735 2330 861 2398 gentem,
877 2340 942 2397 quae
957 2324 1059 2383 Christi
1073 2341 1179 2383 nomen
1197 2329 1321 2399 ignoret,

735 2406 764 2455 et
777 2413 951 2469 quamquam
965 2413 1022 2454 non
1033 2398 1165 2456 habuerit
1183 2398 1322 2472 predica-

735 2474 838 2537 torem,
857 2476 954 2526 tamen
973 2486 1007 2526 ex
1031 2471 1131 2528 vicinis
1157 2471 1323 2528 nationibus

735 2541 900 2613 opinionem
927 2540 993 2597 fidei
1020 2557 1076 2598 nou
1090 2549 1186 2615 potest
1202 2543 1320 2616 ignora-

736 2629 788 2670 re:
804 2633 817 2662 r
836 2614 896 2669 haee
907 2615 1100 2682 Hieronymus.

772 2689 788 2740 8
805 2685 889 2740 Sioua
903 2702 1038 2741 ruentum
1055 2703 1104 2741 rhu
1118 2702 1185 2742 rena
1204 2702 1322 2744 couren-

735 2774 778 2812 ri.
793 2786 829 2797 -
844 2759 884 2812 De
908 2756 1052 2828 praedietis
1077 2757 1177 2830 signis,
1198 2759 1239 2815 sio
1253 2759 1323 2815 dicit

736 2831 970 2900 chrysostomus:
988 2851 1002 2880 «
1024 2831 1071 2885 list
1081 2830 1186 2901 quippe
1205 2831 1322 2888 resista

736 2901 818 2957 nobis
828 2916 946 2972 prorsus
956 2900 1262 2971 ambigua,etomuiuo
1277 2918 1323 2959 ue-

736 2971 841 3029 scimus
855 2988 894 3027 an
920 2971 1007 3028 etiam
1023 2980 1122 3029 nostra
1150 2980 1234 3029 aetate
1262 2976 1323 3031 haec

736 3046 832 3101 omnia
846 3044 991 3102 finiantur.
1014 3048 1043 3099 et
1055 3044 1116 3100 dies
1129 3042 1177 3100 ille
1191 3051 1322 3102 metuen-

735 3116 789 3172 dus
816 3114 1059 3187 advenissemus
1087 3115 1224 3173 horribile
1252 3117 1322 3175 illud

736 3188 818 3244 nobis
842 3188 1011 3243 ostendatur
1028 3186 1164 3244 tribunal.
1178 3191 1260 3260 Nam,
1292 3196 1321 3248 et

736 3259 819 3329 signa
834 3260 923 3316 multa
937 3275 1054 3331 prorsus
1069 3258 1186 3332 impieta
1200 3266 1277 3330 suut,
1294 3268 1322 3319 et

737 3332 921 3403 Evangelium
941 3338 999 3388 toto
1014 3332 1076 3404 jam
1091 3333 1149 3388 iere
1168 3335 1238 3391 orbe
1256 3351 1322 3407 per-

737 3405 841 3474 sonuit,
856 3411 884 3460 et
898 3404 1006 3476 praelia,
1022 3412 1322 3477 terrarumtronrores,

737 3476 920 3548 pestilentiae,
937 3483 965 3533 et
984 3479 1084 3546 tames,
1104 3483 1134 3534 ut
1154 3480 1323 3551 predictum

738 3554 841 3617 iuerat,
864 3549 1045 3618 aeciderunt3
1073 3566 1125 3606 nee
1139 3552 1249 3622 grande
1262 3554 1324 3624 jam

738 3622 865 3677 medium
879 3630 931 3677 est.
946 3623 1013 3688 ene
1030 3622 1127 3678 omnia
1137 3623 1322 3680 consideran-

739 3698 790 3761 tes,
804 3693 841 3748 ad
855 3709 918 3748 eom
938 3710 1001 3761 nos,
1018 3709 1073 3764 qun
1092 3694 1158 3749 hine
1177 3693 1323 3751 abcessuri

738 3780 847 3830 sumus,
864 3765 1068 3835 perfectionem
1091 3781 1233 3837 paremus.
1250 3769 1322 3821 Nam

738 3835 803 3892 licet
814 3835 971 3891 communis
983 3835 1059 3891 illius
1073 3837 1136 3891 linis
1146 3838 1273 3892 noudum
1283 3837 1324 3892 in-

738 3914 792 3963 stet
803 3906 863 3962 dies
874 3908 1025 3978 peculiaris
1036 3925 1043 3975 ;
1061 3913 1155 3962 tamen
1171 3909 1222 3962 iste
1239 3910 1323 3963 uuiu-

738 3979 890 4050 scujusque
910 3988 1038 4035 nostruin
1057 3979 1122 4032 finis
1142 3982 1170 4033 in
1196 3979 1323 4049 proximo

738 4060 791 4107 est.
810 4050 866 4105 Etsi
887 4051 963 4107 enim
979 4066 1063 4105 senen
1080 4049 1117 4103 sit
1133 4048 1248 4121 aliquis,
1269 4050 1322 4107 etsi

737 4122 915 4191 adolescens,
937 4120 1020 4177 morti
1036 4126 1132 4175 tamon
1151 4119 1180 4175 in
1199 4121 1326 4192 quelibet

737 4202 823 4251 aetate
837 4194 946 4251 vicinus
961 4197 1025 4247 est:
1044 4210 1058 4243 »
1078 4193 1139 4247 haee
1161 4195 1325 4263 chrysosto-

739 4285 811 4324 mus.
828 4268 920 4323 Causa
946 4278 1014 4319 rere
1041 4268 1070 4320 et
1093 4263 1173 4319 radix
1200 4265 1328 4324 omnium

740 4339 884 4397 malorum
898 4337 928 4393 in
950 4334 1068 4406 mundo,
1085 4340 1129 4393 est
1154 4336 1289 4410 superbia
1303 4342 1333 4394 et

738 4408 935 4487 praesumptio.
965 4407 1094 4481 Populus
1126 4408 1205 4467 enim
1228 4414 1333 4469 contre
