2842 4920
388 318 428 370 bi
455 317 592 372 villino
620 319 843 380 ltleultttts.
1195 320 1238 378 103

72 439 92 481 n
121 423 196 483 sicut
224 439 277 485 nos
301 421 421 495 dlllpere
446 425 591 499 jubemur.
648 422 764 499 pietatis
790 423 976 499 impenditur,
1005 441 1063 483 non
1087 425 1226 486 minuitur

72 498 594 561 Pnecnrruniisnnnuoosnnesuosr-
648 497 699 552 sed
730 503 859 569 augetur.
889 499 946 554 Nee
987 515 1123 573 umquam
1161 473 1237 559 aud

72 572 356 644 -l’nuperesergo
380 569 516 653 recipient
541 586 594 626 nos
648 570 737 627 ileum
765 568 859 652 perire
895 569 1009 642 poterit,
1041 572 1117 645 quod
1143 572 1161 627 ss
1185 573 1237 629 elis

72 642 234 698 rasdomos
255 642 395 709 celestes,
421 658 443 698 si
469 658 521 697 nos
545 658 593 698 eos
649 640 818 712 benegnitas
850 642 1020 712 erogaverit,
1058 643 1124 699 dum
1160 647 1236 717 quod

72 712 195 786 perimus
210 713 241 770 in
256 720 368 769 nostras
385 713 486 769 domos
501 720 591 769 terre·
648 711 752 787 cuique
772 713 881 779 tribuit,
906 712 936 771 id
965 712 1018 770 sibi
1035 715 1071 770 ad
1087 715 1236 787 praemium

75 785 180 842 .linde
196 785 439 854 aitdupustiuus:
461 808 476 836 u
491 784 593 843 Omnia
648 783 778 843 recondit
798 801 805 843 :
825 787 906 842 Beati
928 786 1004 842 enim
1034 788 1236 859 misericordes,

72 873 143 917 ‚sua
158 855 239 914 dedit
254 859 327 914 Deus
342 857 453 914 duobus
469 856 592 913 bomini·
648 859 779 925 quonium
807 859 931 928 ipsorum
956 858 1131 914 miserebitur
1147 861 1231 916 Deus.

73 946 82 986 t
111 927 248 985 diuitibus
270 933 396 1000 terrena,
418 928 592 1002 pauperibus
647 928 704 983 Nec
731 927 902 985 delictorum
925 928 1065 986 memoria
1089 928 1156 1001 erlt,
1187 929 1236 991 nbi

72 998 138 1058 stis.
159 1001 214 1058 Sed
231 1002 307 1057 Deus
324 1002 423 1057 volens
437 1005 591 1073 utrumque
647 997 842 1057 testimonium
860 999 974 1126 pietatis
988 1001 1104 1058 alliserit
1120 1021 1128 1057 :
1144 1022 1159 1053 »
1175 1002 1237 1061 baie

72 1087 124 1142 ire,
142 1071 290 1131 coustituit
313 1076 344 1128 ut
365 1071 411 1128 hic
436 1071 538 1129 divites
561 1071 591 1129 in
647 1071 699 1126 Leo
715 1072 802 1143 Papa.
817 1073 857 1128 lie
870 1070 978 1142 igiosus
990 1072 1163 1147 vero,etqul
1176 1090 1236 1133 non

79 1142 242 1201 hereditate
257 1143 398 1217 recipiant
426 1159 590 1271 (pauperem
646 1142 734 1199 habet
747 1142 826 1200 unde
841 1145 930 1217 possit
943 1143 1151 1218 eleemosynam
1166 1145 1236 1203 dare

72 1231 194 1289 superes
218 1214 248 1271 in
274 1231 326 1272 sua
355 1216 424 1275 bere
446 1216 514 1272 itate
540 1231 590 1272 eos
646 1214 837 1284 materialem,
863 1213 1055 1273 nibilominus
1083 1231 1118 1273 es
1147 1216 1235 1274 eorde

72 1291 153 1355 iceut,
167 1291 196 1344 et
215 1291 336 1359 uterque
358 1303 409 1361 per
423 1286 510 1344 alium
530 1286 589 1343 col·
645 1289 739 1356 potest
754 1286 849 1342 iecere
865 1284 1076 1358 eleemosynam
1092 1288 1151 1343 Deo
1168 1287 1235 1345 ral-

72 1366 124 1417 tur.
140 1360 202 1414 »Et
219 1359 242 1415 si
258 1375 315 1415 riou
331 1375 432 1415 omnes
449 1375 589 1432 pauperes
645 1356 680 1412 de
695 1363 820 1428 gratam,
838 1356 969 1414 videlicet
985 1357 1020 1413 ad
1036 1358 1089 1415 hoc
1104 1358 1233 1417 volunta-

72 1435 121 1489 nut
137 1446 188 1486 nos
210 1431 339 1513 recipere
361 1430 389 1486 in
412 1432 513 1487 domos
530 1447 588 1487 ieoe-
645 1433 702 1510 lem
720 1430 864 1498 babendo,
881 1446 932 1486 seu
948 1427 1033 1485 etium
1056 1430 1149 1487 illatas
1177 1430 1232 1489 sibl

72 1518 102 1569 s;
117 1508 212 1559 tamen
233 1518 301 1574 qiua
318 1502 454 1571 largimur
468 1503 523 1567 iiis,
539 1519 587 1559 re·
644 1501 764 1569 iujurias
781 1505 909 1574 proximo
923 1500 1108 1571 indulgendo.
1120 1503 1161 1558 vel
1180 1503 1230 1560 ad·

73 1590 137 1631 mur
154 1575 190 1631 ab
206 1573 320 1644 Angelis
340 1581 366 1630 ct
383 1573 503 1643 Sunt-tis,
520 1574 588 1647 quia
644 1573 773 1630 vei-situti
788 1573 888 1631 alienis
910 1590 943 1629 ex
972 1579 1030 1630 toto
1048 1574 1134 1631 corde
1154 1590 1232 1633 com·

72 1646 146 1701 endo
163 1647 336 1717 pauperibus
349 1646 521 1716 drigelorum
540 1664 586 1702 uo·
644 1647 790 1722 patiendo.

72 1724 274 1788 clerorurnque
284 1719 452 1773 Sanctorum
464 1718 585 1787 graiium
679 1743 695 1793 9
710 1720 770 1774 Non
784 1734 869 1774 scuris
885 1734 928 1775 sic
943 1735 1047 1787 nourrii,
1057 1736 1105 1773 sen
1121 1735 1230 1790 vrsnicq

72 1804 219 1855 ›uramus;
236 1796 263 1844 et
283 1789 412 1860 quumvis
428 1790 534 1847 bonurn
550 1789 586 1847 sit
643 1808 721 1847 siuns
742 1807 812 1845 renuo
829 1806 931 1846 seneen
955 1807 989 1845 in
1012 1807 1148 1849 nariousit
1164 1809 1230 1847 usn·

72 1877 104 1919 re
115 1876 256 1933 pauperes
271 1861 374 1930 bonos,
390 1867 418 1916 et
432 1861 495 1916 aliis
511 1877 585 1933 prie-
642 1878 751 1918 niuniu
764 1878 869 1917 runnu.
887 1892 920 1902 —
936 1860 1063 1932 luitur,o
1081 1864 1230 1934 monache,

92 1932 121 1989 iu
138 1932 253 1988 datione
272 1936 529 2005 elecmosynarum,
544 1942 584 1990 ta·
641 1950 658 1990 o
679 1932 823 2002 i·leriee,o
843 1932 925 2001 laice,
945 1932 1013 1988 dum
1034 1932 1115 2001 viris,
1135 1933 1231 2017 cogita

79 2004 128 2079 qui
141 2003 190 2061 dut
206 2003 343 2076 indigenti
357 2004 510 2075 peccatori,
527 2021 585 2060 nen
640 2003 765 2076 qualiter
793 2003 898 2061 debeas
932 2002 1056 2077 operari,
1088 2008 1118 2061 ut
1146 2021 1230 2076 scias,

85 2084 232 2148 peccator,
252 2076 301 2131 scd
326 2075 393 2148 quia
417 2076 503 2132 bomo
530 2081 583 2147 est,
641 2081 670 2132 et
696 2075 803 2137 babeas
828 2074 896 2147 quid
916 2074 944 2129 iu
964 2076 1012 2131 iilo
1022 2074 1138 2203 judicio
1164 2092 1228 2147 pos·

78 2153 259 2220 peccatorem
283 2147 382 2213 nutrit,
397 2147 446 2203 sed
464 2149 583 2219 justum,
640 2147 680 2204 sis
705 2146 890 2218 respondere,
911 2144 958 2202 ubi
984 2161 1019 2203 au
1043 2150 1109 2202 ies:
1136 2148 1228 2205 Redde

74 2220 133 2276 iam
147 2219 260 2290 culpam
272 2218 584 2289 noudiligit,sednatu-
639 2223 773 2277 rationem
787 2219 968 2275 villicationis
982 2216 1139 2276 committet
1151 2218 1228 2281 euim

86 2290 139 2361 Qui
156 2296 250 2349 autem
270 2291 481 2363 eleemosynam
496 2307 583 2347 aece-
638 2306 747 2358 sumus,
761 2304 818 2349 nou
836 2305 903 2346 vere
917 2288 1036 2359 domini,
1049 2304 1144 2349 rerum
1159 2297 1230 2351 tem·

71 2378 96 2419 is
107 2369 163 2431 est,
179 2362 306 2419 attendat
320 2361 424 2421 benesi
437 2361 581 2434 indigeat;
638 2361 778 2435 puralium
794 2365 822 2420 et
836 2359 1026 2434 spiritualium
1037 2360 1120 2421 nobis
1132 2362 1169 2421 ed
1180 2380 1228 2421 ue·

72 2433 121 2491 uin
144 2449 201 2489 nou
226 2432 357 2506 occipiat,
386 2450 423 2490 ne
453 2436 582 2505 rapinam
637 2433 778 2492 cessarios
794 2449 859 2490 usus
879 2431 1075 2505 proximorum
1090 2436 1225 2493 commis-

72 2505 168 2563 uittat.
179 2506 257 2563 Unde
269 2504 361 2576 inquit
373 2503 558 2573 Hieronymus
574 2522 581 2561 ε
638 2521 745 2565 serum.
763 2503 832 2561 Etsi
847 2520 896 2563 eas
910 2503 1044 2577 proximis
1060 2521 1117 2563 uon
1132 2505 1227 2565 distri·

72 2578 184 2645 muchs,
209 2576 233 2633 si
257 2593 324 2647 eges
346 2585 375 2632 et
397 2576 515 2648 accipis,
531 2576 583 2634 das
638 2576 762 2646 buimus,
779 2575 835 2638 alia
855 2577 1021 2637 retinemus.
1042 2575 1121 2633 Uude
1138 2579 1224 2648 Gliry·

72 2664 87 2705 s
103 2664 188 2721 quern
203 2647 343 2719 accipias;
365 2647 389 2704 si
406 2654 501 2704 autem
525 2665 581 2706 non
637 2656 792 2707 sociemus:
811 2669 825 2698 u
841 2646 941 2719 Opinio
957 2647 1088 2721 quadarn
1104 2664 1226 2706 erronea

90 2725 120 2776 et
135 2718 252 2791 accipis,
267 2719 354 2793 rupis.
374 2739 388 2771 n
411 2721 498 2776 Porro
525 2736 582 2777 neu
637 2717 1224 2792 aggeucratemortallbusengeirrimina,

72 2796 105 2849 et
135 2793 302 2854 monachus,
327 2790 349 2847 si
379 2792 482 2849 babeat
505 2792 582 2862 quod
637 2790 740 2849 minuit
765 2791 851 2848 boue.
883 2791 915 2845 lit
935 2806 1001 2845 vero
1029 2795 1074 2846 est
1100 2789 1225 2862 opinari,

72 2879 102 2921 ω
118 2862 232 2919 suflicit.
250 2865 284 2920 Et
299 2861 581 2919 bancsnillcicntiam
637 2862 713 2934 quod
734 2877 768 2919 ea
789 2876 975 2934 quincumque
995 2859 1176 2931 possidemus
1194 2863 1226 2921 iu

71 2934 146 2992 tolus
166 2939 245 2991 certe
270 2933 444 2991 dillluitiune
468 2934 581 2991 descri-
636 2951 689 2991 usn
711 2933 785 2998 vitm,
804 2931 993 3004 possidemus,
1009 2938 1040 2988 ut
1058 2931 1176 2989 domini.
1192 2934 1227 2991 lit

91 3007 239 3075 tiubeutes,
268 3007 369 3076 inquit,
397 3007 530 3062 elimenta
556 3011 582 3063 et
636 3005 700 3063 ideo
713 3003 799 3060 etiam
815 3009 973 3071 opportune
986 3016 1019 3056 eu
1034 3003 1224 3072 apprehendi·

72 3092 97 3133 u
115 3084 252 3146 tcpninur,
279 3079 322 3132 bis
342 3081 461 3132 conteuti
475 3094 578 3136 sumus.
637 3092 710 3143 mus,
732 3080 876 3146 tarnqnam
898 3073 974 3129 bona
998 3073 1151 3144 praecipua.
1169 3075 1224 3133 Sed

72 3146 119 3205 :ln
135 3149 286 3204 collatione
304 3148 414 3204 abbatis
435 3149 555 3205 strate
572 3167 578 3207 :
636 3145 871 3204 contrariumest.
888 3146 947 3201 Nou
964 3147 1040 3200 enim
1059 3151 1088 3201 ut
1103 3145 1222 3218 domini,

72 3221 153 3277 »teris
175 3226 270 3277 eutem
292 3226 319 3276 le
336 3236 368 3275 ex
388 3222 440 3276 boc
456 3236 511 3275 nou
526 3218 580 3276 levi
636 3220 665 3274 in
690 3219 746 3276 vita
759 3214 907 3290 praesenti.
924 3214 1053 3274 collocati
1069 3232 1168 3275 sumus
1193 3219 1223 3278 in

81 3292 264 3358 detrimento,
281 3290 348 3360 quia
371 3308 434 3347 cum
459 3291 498 3347 sis
518 3290 579 3348 sani
634 3290 751 3363 propria
766 3291 862 3357 domo,
875 3290 922 3344 seu
937 3294 1080 3360 tumquain
1097 3289 1223 3363 liospites

72 3362 132 3432 iris,
154 3380 186 3421 ac
210 3363 329 3422 robusti.
346 3362 418 3434 stipe
442 3369 580 3419 sustente—
635 3367 662 3419 ct
680 3362 816 3429 advenie3
833 3378 889 3432 quo
901 3360 1034 3417 nolumus
1045 3360 1185 3433 ducimur,
1195 3368 1224 3423 et

74 3438 151 3497 lena,
167 3451 231 3505 quie
247 3435 322 3506 jusu
335 3434 403 3489 solis
422 3439 465 3490 est
480 3433 579 3490 debili·
634 3451 689 3507 quo
710 3449 765 3491 uon
787 3437 928 3504 putemus,
945 3438 972 3487 et
992 3433 1039 3504 qui
1055 3451 1129 3493 truite
1144 3435 1222 3495 loeu-

72 3506 213 3564 altributa.
242 3526 254 3556 i
284 3505 485 3562 ttiserbomin
510 3522 578 3577 ergo
633 3510 693 3578 ples
708 3511 762 3575 est,
777 3504 806 3562 iu
823 3503 901 3562 breui
919 3504 951 3561 tlt
967 3504 1124 3563 mendicus.
1148 3509 1220 3591 bicgo

72 3579 126 3635 bus
141 3581 316 3645 insistamus,
337 3576 404 3649 qula
424 3578 513 3633 multa
530 3578 578 3634 bo·
634 3577 806 3649 quicumque
825 3575 875 3643 sis,
900 3576 1011 3632 noveris
1036 3582 1063 3634 te
1077 3595 1140 3635 esse
1164 3580 1222 3636 dis-

86 3649 116 3705 in
132 3648 199 3717 vita,
210 3654 237 3705 ct
255 3649 283 3704 iu
299 3658 400 3716 morte,
417 3649 499 3704 uoltis
511 3648 579 3704 iude
634 3655 814 3718 p==nsatorem
830 3648 989 3705 alienorum
1002 3665 1009 3715 ;
1023 3656 1048 3704 ct
1061 3650 1221 3707 traiisitorli

75 3736 201 3787 aramus,
221 3722 299 3776 Unde
315 3720 355 3776 uit
368 3723 550 3788 llieroupmuc
570 3737 576 3776 ι
632 3729 732 3776 ususet
750 3719 841 3775 breuis
852 3718 901 3775 tibi
915 3722 1129 3790 jureconcessa
1143 3727 1220 3779 suut.

72 3810 79 3847 l
96 3791 213 3849 memini
230 3808 275 3847 me
290 3791 393 3863 legisse
414 3792 485 3847 rurale
499 3806 577 3848 mor·
632 3793 749 3863 Abjeeto
764 3808 833 3861 ergo
849 3792 885 3848 ab
900 3790 996 3848 anima
1013 3793 1119 3849 douiini
1137 3795 1221 3863 lustu,

76 3905 83 3931 ,
111 3863 158 3935 qui
184 3863 305 3920 libenter
332 3861 458 3919 iuercuit
491 3879 577 3932 opera
604 3886 607 3981 y
633 3862 1222 3935 suuiesbuinllitutemetinertestiumqum

72 3934 121 4004 lis3
136 3936 222 3992 bibet
237 3934 311 3991 euim
325 3935 428 3991 multos
444 3935 577 3989 intereos·
633 3936 714 3989 ‹lei-et
738 3933 850 3991 villico:
877 3956 890 3986 i>
911 3936 971 3991 binc
1005 3936 1220 4001 Cirystistimiue.

74 4049 81 4074 ,
109 4013 137 4063 et
162 4006 337 4078 impossibile
364 4013 405 4062 cst
424 4006 576 4061 umltorum
632 4007 753 4063 dtteuile
769 4012 797 4062 et
819 4006 895 4065 aliud
917 4005 996 4075 qood
1015 4003 1065 4060 tibi
1086 4005 1219 4064 dicetur:

72 4095 90 4134 s
106 4096 164 4137 non
191 4078 327 4134 exaudiri,
342 4099 355 4128 n
380 4080 458 4134 Unde
478 4084 505 4132 ei
526 4080 576 4133 Leo
632 4080 694 4133 Jttm
709 4081 780 4135 cuim
794 4096 848 4133 riou
861 4080 963 4148 puteris
976 4077 1102 4129 villicare
1114 4082 1141 4131 et
1155 4092 1221 4147 tique·

83 4167 89 4207 :
115 4149 288 4220 «Quidquid
310 4149 337 4205 iu
358 4151 435 4206 cibus
467 4166 577 4220 paupe·
604 4134 607 4205 i
633 4149 700 4205 reri.
718 4149 1112 4213 Undeidemtitinnius-tumus:
1127 4150 1222 4214 «tirio-

81 4219 108 4277 iu
127 4222 289 4279 curationes
306 4222 449 4278 debilium.
469 4221 496 4276 iu
511 4238 576 4291 pre·
634 4220 704 4277 tidie
728 4221 796 4277 talia
814 4237 864 4291 per
881 4219 999 4274 ellectus
1021 4217 1103 4297 ruilus
1126 4218 1218 4275 cirla-

72 4293 232 4367 iptirorum,
250 4292 323 4351 etin
338 4293 473 4366 quislibet
489 4308 577 4365 opera
634 4304 693 4349 mat
706 4294 791 4364 Deus,
805 4292 956 4348 ostendens
965 4289 1048 4345 nobis
1062 4296 1218 4349 terrentem
