2820 4928
287 336 328 393 lili
356 336 545 393 astutiora
574 336 740 393 llh'lll‘lli'll
767 338 872 395 Stetit
898 339 1005 393 thl'T
1030 338 1118 394 lest.
1281 334 1327 390 lto

89 440 194 573 guenti
208 442 434 517 adsepullurem
443 460 522 503 suam
531 445 684 503 reservari.
738 452 858 504 mortem
875 448 995 504 trades?
1009 468 1023 498 »
1045 450 1158 505 Mittens
1178 449 1250 503 enim
1269 448 1324 503 haee

118 514 362 573 ndeeredendum
377 517 514 588 est‚quod
526 516 615 574 illaria
631 517 686 573 hoo
738 525 891 587 annuntiem
906 522 955 577 hoe
968 522 998 576 in
1010 535 1109 592 eorpus
1123 535 1219 582 meum.
1233 519 1272 574 ad
1284 535 1325 575 ee·

91 584 197 669 lecerit
210 586 310 645 edocta
324 604 342 644 a
357 586 465 660 Spiritu
475 590 578 645 Sancto
594 605 602 645 ι
617 587 685 659 quia
736 592 894 660 petiendnm
903 608 945 647 me
957 595 1071 661 recitat
1082 607 1135 663 per
1149 593 1213 657 hoo,
1229 606 1322 647 meam

94 661 206 715 erema
218 660 685 733 cognoveratllomlnuminproxi·
739 662 912 730 sepulturam
936 661 1140 747 praefiguravit.
1167 661 1247 729 Quod
1272 678 1324 719 vos

95 744 150 786 mo
159 727 407 804 moriturum‚ipso
421 730 475 788 hoe
487 732 609 799 dicente,
620 732 683 787 ideo
739 738 844 804 putatis
870 738 1058 806 perditionem
1081 750 1144 791 osse
1169 736 1322 805 unguenti,

97 804 277 873 unguentum
282 807 450 931 Xaraverat
472 804 552 874 eujus
571 808 683 875 partem
739 806 864 861 ol'lleium
882 811 936 875 est,
952 814 980 863 et
1006 805 1176 877 significatio
1200 806 1324 877 sepultu-

96 887 177 929 nuoo
194 888 282 945 arpen
302 872 539 946 it,etparlemad
554 874 682 930 atriolum
738 892 788 931 rae.
809 878 973 948 Mysterium
998 884 1041 935 est
1066 877 1142 949 quod
1168 876 1272 949 agitur,
1293 876 1324 933 iu

93 942 250 1015 sepulturae
272 945 435 1003 reservavit.
457 948 591 1017 Pauperes
610 949 682 1002 enirn
738 964 795 1018 quo
813 964 889 1003 mors
908 958 937 1005 et
951 950 1096 1023 sepultura
1111 964 1175 1004 mea
1190 948 1245 1004 rito
1260 946 1323 1004 lieri

91 1030 205 1087 semper
219 1016 326 1073 habetis
342 1019 491 1088 tuburum,
516 1018 619 1088 quihus
633 1019 682 1074 he·
739 1019 924 1089 segnitie-atur.
943 1024 974 1078 ln
987 1020 1114 1094 proximo
1130 1021 1206 1076 euim
1222 1035 1323 1091 passu·

90 1086 226 1145 nefacere
237 1087 367 1160 potestis,
381 1094 409 1146 et
420 1105 590 1160 recuperare
606 1090 681 1161 quod
738 1107 786 1146 rus
801 1107 874 1157 sum,
889 1091 1010 1161 ideoque
1021 1092 1088 1148 mihi
1104 1092 1158 1147 hur.
1171 1090 1274 1147 obtulit
1284 1091 1322 1147 ad

89 1158 182 1215 modo
206 1158 368 1233 neglectum
390 1159 503 1230 dicitis;
527 1178 570 1217 me
593 1167 683 1217 auton
738 1162 943 1234 sepeliendum.
960 1167 1016 1221 Nee
1037 1165 1139 1218 mirum
1157 1161 1181 1219 si
1208 1177 1252 1217 me
1272 1177 1323 1219 uu·

89 1246 151 1286 nora
167 1246 275 1303 semper
290 1232 408 1297 habetis,
425 1232 532 1290 scilieet
559 1248 682 1306 prasen-
738 1237 845 1305 gueuto
859 1233 1040 1306 pertuderit,
1062 1239 1090 1288 et
1115 1232 1184 1288 mihi
1212 1233 1321 1289 honum

95 1298 140 1357 tia
153 1300 307 1375 corporali,
323 1302 359 1360 ad
380 1304 568 1361 habitandum
591 1303 682 1360 vohis·
738 1308 854 1361 odorem
875 1306 940 1362 fidei
962 1322 1020 1363 suae
1044 1305 1243 1370 dedentium
1267 1319 1321 1373 ego

94 1374 309 1431 cumincame
347 1375 547 1448 assibili,quae
574 1374 683 1441 indiget
739 1392 789 1447 pro
810 1392 844 1432 ea
862 1394 926 1435 mox
947 1377 1061 1434 lusurus
1080 1374 1133 1431 sim
1153 1373 1321 1444 sauguinem

95 1442 307 1502 unctionetali.
326 1390 411 1514 Belesi
427 1447 555 1504 diceret:
575 1446 682 1503 Poterit
739 1463 843 1517 meum,
873 1455 902 1506 et
929 1447 1045 1505 daturus
1071 1445 1196 1503 animam
1217 1461 1321 1504 meam.

92 1530 269 1589 recuperare
281 1516 319 1574 ad
330 1518 565 1576 benefaciendum
577 1534 681 1591 paupe·
739 1517 878 1576 Patientia
893 1537 961 1592 ergo
978 1518 1090 1577 Domini
1111 1517 1205 1588 arguit
1216 1518 1320 1574 ludam

90 1585 188 1658 ribus,
202 1587 255 1645 sed
267 1604 328 1645 non
346 1589 383 1646 ud
402 1590 564 1673 ungendum
580 1606 681 1663 corpus
737 1590 874 1661 avaritiae,
892 1598 919 1649 et
936 1608 993 1649 non
1012 1605 1167 1662 pauperum
1184 1604 1269 1645 rausa
1282 1587 1322 1644 ti·

89 1674 203 1717 meum.
225 1659 313 1716 Bonis
336 1665 364 1717 et
385 1662 468 1718 mohs
496 1661 621 1733 loquitur
645 1661 681 1718 de
736 1661 810 1718 nisse
824 1664 899 1735 quod
915 1664 997 1730 dixit;
1014 1661 1065 1720 sed
1080 1660 1248 1733 obsequium
1262 1662 1321 1717 hla-

87 1731 247 1805 presentia
276 1733 405 1805 eorporis
427 1732 488 1801 sui3
503 1734 578 1789 sedet
604 1731 681 1789 enim
737 1735 786 1789 rire
812 1733 1039 1803 commendavit,
1067 1738 1221 1791 ostenuens
1245 1732 1323 1802 quod

90 1802 289 1885 admoram
299 1806 402 1875 Patris,
415 1809 566 1932 postssuam
579 1805 607 1861 iu
623 1821 682 1861 eroe·
736 1812 812 1862 esset
836 1808 1000 1873 moriturus,
1016 1814 1044 1863 et
1064 1805 1100 1861 ad
1126 1802 1322 1877 sepeliendum

91 1872 155 1930 lum
174 1873 315 1944 asendit,
341 1882 370 1932 et
397 1892 482 1933 secun
506 1893 552 1933 um
578 1892 681 1948 corpus
735 1878 913 1934 aromatibus
928 1877 1091 1947 ungendus.

95 1959 158 2001 nan
169 1950 213 2003 est
224 1944 282 2014 hie,
293 1944 342 2017 qui
356 1947 509 2075 graesrutia
525 1947 681 2020 majestatis
773 1972 789 2021 p
805 1951 960 2004 Pnoruerm
975 1952 1074 2005 Itouna
1089 1964 1123 2001 ua
1138 1964 1242 2003 serrum
1259 1963 1325 2001 auo-

94 2017 341 2097 aemperesthic.
376 2017 506 2075 itamen
530 2019 567 2075 ad
591 2019 680 2075 honos
735 2037 782 2075 nris
809 2022 915 2075 blame.
939 2021 1071 2074 -Tunc
1100 2017 1249 2073 affirmans
1281 2015 1324 2073 eis

96 2092 231 2171 pertines·
249 2104 363 2215 semsser
380 2090 468 2147 hahes
488 2090 632 2147 Christum
649 2090 680 2146 in
735 2093 829 2159 iesus,
844 2106 914 2162 opus
930 2090 986 2170 hoo
998 2086 1279 2169 commemorandum
1292 2085 1323 2143 iu

92 2164 298 2287 fflaesenhper
333 2160 408 2230 dem,
425 2177 476 2233 per
490 2161 613 2233 signum,
630 2178 681 2233 per
736 2163 848 2218 duleum
868 2176 1034 2217 memoriam
1062 2174 1135 2229 epus,
1164 2159 1193 2214 1d
1217 2162 1260 2213 est
1285 2157 1321 2215 ad

137 2228 511 2303 ptismatissaeramenturm
526 2232 681 2301 peraltaris
736 2233 849 2290 laudem
876 2234 938 2305 ejus
964 2230 1153 2299 recitandum,
1173 2234 1321 2303 tamquam

88 2300 192 2359 cibum
206 2308 233 2359 el
245 2307 355 2375 putum.
369 2303 522 2361 Undealihi
537 2303 606 2360 dirit
620 2304 679 2361 eis:
736 2305 840 2362 lactum
867 2303 1035 2373 virtuosum,
1057 2305 1100 2359 ait
1121 2322 1130 2358 ε
1154 2304 1241 2359 Arnen
1260 2303 1322 2357 dieo

87 2374 162 2431 Erae
172 2390 221 2443 epo
231 2374 371 2431 nobiseum
384 2392 445 2432 sum
463 2393 549 2446 usque
564 2377 601 2432 ad
617 2393 680 2432 coa·
735 2378 812 2432 vobis
827 2398 841 2431 n
849 2378 991 2447 bicumque
1008 2379 1037 2431 in
1054 2380 1108 2433 toto
1132 2375 1232 2431 mundo
1250 2390 1321 2446 pra·

88 2448 307 2503 summationem
327 2449 422 2517 secali,
447 2447 512 2529 qula
541 2447 596 2503 erit
617 2463 680 2504 cum
735 2450 858 2504 dicatam
884 2451 971 2516 (uerit
1004 2450 1052 2502 hoo
1077 2448 1275 2515 annpetiam,
1293 2444 1321 2502 id

88 2514 229 2573 fidelihus
256 2522 399 2574 ›raesentia
426 2517 563 2589 spirituali
590 2523 618 2575 el
637 2535 681 2575 sn·
736 2520 847 2576 esthon
863 2520 967 2576 lactum
984 2517 1112 2574 mulieris
1126 2515 1275 2589 pertinens
1283 2516 1320 2572 ad

88 2594 242 2645 eramenta
256 2587 276 2644 i.
293 2588 590 2658 populabundos
625 2589 681 2646 uod
736 2590 840 2647 Christi
867 2589 1069 2660 Euangellum
1093 2590 1219 2643 nondum
1240 2586 1320 2643 enirn

85 2657 197 2789 fatuit,
222 2660 276 2716 haee
301 2662 386 2729 leeit3
405 2660 458 2729 vel,
480 2661 555 2732 quod
581 2661 619 2716 ha
641 2661 682 2718 uit
736 2660 889 2736 Evangelia
906 2666 987 2717 erant
1003 2658 1119 2730 scripte.
1139 2656 1226 2726 Quasi
1246 2656 1322 2713 dice-

98 2746 190 2788 ocere
203 2746 236 2787 ex
248 2731 344 2787 oilleio
355 2730 481 2804 pietatis,
496 2733 549 2788 hoc
560 2732 637 2802 lecit,
649 2731 681 2790 iu
736 2739 780 2789 rot
797 2752 804 2789 :
825 2736 881 2789 Vos
898 2731 1066 2801 insipienter·
1085 2745 1148 2786 eam
1164 2728 1322 2800 reprehen-

86 2817 181 2875 opere
192 2801 326 2871 deitatis3
341 2806 474 2889 prevenit
488 2802 564 2859 enim
581 2821 682 2873 unpere
736 2804 813 2869 ditis,
829 2820 879 2874 pro
894 2819 928 2888 op
944 2804 1029 2887 lacto,
1044 2816 1167 2873 proquo
1183 2799 1323 2884 ipsa'lau·

86 2877 560 3018 ttttl'tstptsllhttt
573 2892 681 3004 sith
736 2872 1325 3022 ‘ltltiltttlt‘tittittttllttp

89 3016 168 3073 iacto
182 3016 376 3089 praefiguravit
392 3034 455 3075 earn
470 3018 506 3074 de
519 3016 681 3090 propinquo
737 3021 815 3082 lium,
842 3016 870 3072 ld
892 3020 936 3072 est
961 3012 1133 3084 ubicumque
1158 3011 1324 3067 dilatabitur

91 3086 229 3146 futuram.
249 3088 335 3156 Quasi
358 3088 414 3146 illis
434 3088 541 3146 diceret
564 3112 571 3148 ε
592 3090 682 3146 Sinite
737 3087 863 3145 Ecclesia
890 3101 941 3159 per
969 3084 1117 3146 muudum,
1133 3087 1159 3138 et
1176 3084 1250 3153 quod
1268 3084 1324 3138 haea

93 3158 223 3217 utlaeiut
236 3159 310 3229 vivi»,
326 3160 394 3217 dum
408 3165 509 3233 potest,
520 3162 596 3233 quiid
607 3160 682 3218 volet
735 3164 812 3230 (ecit,
827 3159 992 3216 narrabitur
1005 3159 1035 3211 in
1053 3158 1212 3211 memoriam
1239 3154 1322 3223 ejusr

90 3228 186 3287 lacere
205 3237 329 3291 mortuo.
346 3234 394 3288 serl
412 3231 680 3305 nonpoterit.Uude
736 3231 803 3304 quia
817 3227 985 3287 memoriale
1008 3226 1322 3310 sempiternumlhahe-

86 3303 230 3359 Alauinua
250 3322 259 3359 r
282 3324 298 3354 α
317 3303 465 3375 Significat
485 3319 515 3359 se
536 3310 680 3360 mortuum
737 3303 789 3371 hit,
806 3320 837 3359 en
853 3304 907 3359 hoo
918 3301 993 3373 quod
1003 3300 1073 3355 rmhr
1084 3300 1160 3355 laert.
1177 3298 1230 3355 Uhr
1246 3297 1322 3353 idem

88 3378 122 3431 et
140 3373 177 3431 ad
203 3373 399 3446 sepeliendum
423 3375 600 3432 aromatibus
619 3391 681 3433 esse
737 3377 924 3447 Theophilus:
942 3392 956 3424 n
973 3372 1239 3443 prophetarentur
1259 3370 1322 3451 llo-

90 3447 272 3517 ungendum.
293 3448 359 3503 leleo
377 3446 484 3514 hieriae,
505 3446 550 3502 eui
571 3449 607 3503 ad
629 3463 679 3503 uu·
735 3447 829 3503 minus
841 3452 1052 3515 consequenter
1062 3443 1132 3500 duas
1144 3443 1321 3516 prophetias,

88 3514 219 3574 ctionem
244 3516 348 3574 nrortui
375 3516 504 3591 corporis
529 3520 680 3600 peruenire
735 3517 862 3574 scilicet:
880 3517 956 3599 quod
973 3514 1157 3587 Evangelium
1172 3515 1236 3586 ejus
1250 3528 1321 3586 pree·

90 3604 153 3645 non
169 3586 277 3658 liceret,
294 3589 431 3645 donatum
449 3596 492 3646 est
510 3589 615 3646 uventi
629 3591 679 3647 ad·
736 3589 877 3646 dicabitur
890 3605 920 3644 ru
935 3589 1068 3644 uniuerso
1079 3588 1197 3654 mundo,
1209 3582 1322 3656 etquod

88 3659 148 3717 huc
161 3659 328 3732 impendere
338 3660 681 3733 obsequium,quodpost
736 3677 806 3733 opus
833 3658 961 3717 mulieris
987 3659 1152 3716 laudabitur
1180 3675 1187 3713 :
1214 3678 1241 3738 »ι
1261 3657 1322 3712 haee

89 3740 215 3789 mortem
227 3730 312 3789 celeri
327 3733 537 3790 resurrectione
552 3748 680 3804 praeven-
737 3734 913 3804 Theophilus.
940 3733 973 3787 Et
995 3733 1049 3788 hoc
1077 3728 1189 3787 Domini
1214 3728 1321 3783 drrtum

91 3807 132 3873 ta,
148 3802 319 3873 nequiverit.
335 3823 349 3857 n
361 3804 441 3861 Unde
455 3809 484 3861 et
494 3804 679 3875 Theophilus:
732 3804 793 3876 jam
819 3807 898 3875 patet
925 3802 1121 3874 adimpletum.
1145 3799 1197 3857 Ubi
1224 3798 1322 3877 heda:

95 3898 107 3925 ι
123 3874 267 3931 Praereuit
280 3890 313 3931 ea
330 3876 411 3946 quasi
424 3892 442 3932 a
455 3878 513 3932 [leo
529 3874 614 3931 diruta
629 3892 680 3932 un·
737 3895 751 3928 a
768 3875 928 3931 Notandum
943 3880 1050 3942 autem,
1065 3873 1135 3945 quia
1149 3870 1223 3927 siout
1234 3869 1326 3922 lllarra

89 3960 160 4017 gere
173 3961 277 4019 eorpus
292 3962 399 4017 meum,
414 3946 444 4003 in
459 3945 572 4030 siguum
583 3946 679 4018 sepul·
735 3946 856 4018 gloriam
875 3946 978 4018 adepta
1003 3952 1057 4012 est,
1073 3950 1132 4001 tolo
1154 3941 1223 3997 orbe
1246 3953 1323 4009 quo-

92 4021 165 4073 turae
181 4017 296 4087 lutura,
307 4016 337 4074 iu
348 4034 404 4088 uuo
415 4020 591 4091 proditorem
605 4033 680 4075 cou-
736 4033 858 4087 cumque
882 4017 1008 4073 Erclesia
1033 4018 1134 4071 saneta
1152 4010 1254 4091 dilium
1267 4012 1322 4079 est,

90 4087 197 4147 luridit.
213 4091 252 4146 llo
268 4090 291 4147 si
308 4092 334 4147 ei
349 4089 456 4147 diceret
473 4108 480 4146 ε
497 4092 557 4159 Qua
570 4092 681 4145 eonsci-
736 4090 771 4146 de
787 4088 923 4160 obsequio
937 4087 1013 4169 quod
1028 4083 1148 4141 Domino
1166 4080 1322 4162 pradevno-

88 4158 168 4219 entia
194 4159 345 4221 mulierem
372 4162 531 4232 contundis,
560 4178 624 4233 quae
650 4160 680 4223 iu
735 4160 814 4219 tione
839 4150 1322 4225 exhihu1t3itaecoutr·arro,rlle

88 4233 267 4303 eerrutruran
294 4249 398 4309 eorpus
421 4250 517 4296 meum
540 4236 636 4306 ungit.
653 4236 681 4295 et
708 4278 712 4319 Ι
736 4233 783 4319 spui
797 4229 932 4306 obsequia
949 4229 1011 4310 eJus
1026 4226 1176 4287 detrahere
1192 4230 1321 4307 temera-

88 4306 216 4387 arpena
240 4319 299 4375 nou
326 4306 486 4384 contundis,
509 4304 556 4387 qut
576 4320 621 4375 rur
650 4304 680 4373 ln
708 4324 712 4341 ·
735 4320 779 4373 rn
794 4304 891 4379 tinem
910 4316 967 4365 non
982 4296 1088 4375 tinuit,
1104 4296 1233 4379 pertore
1253 4300 1320 4363 note
