2820 4928
219 320 262 373 nit
290 319 435 374 inituro
460 321 522 377 PRO
548 325 674 380 [10111110
701 326 741 379 ΕΤ
769 325 878 380 raino
905 327 1049 394 sott'iu,
1081 331 1146 385 11111.
1267 337 1294 389 31

66 425 310 486 considerandum
325 433 376 498 est,
390 428 456 500 quia
471 428 499 486 iu
514 438 652 502 quantum

67 499 131 557 sine
147 504 266 571 peccato
289 516 432 569 possumus
451 502 539 559 vitare
559 504 652 576 prorii-

67 587 184 628 morum
203 571 379 639 scandalum,
395 572 547 642 debemns;
561 575 584 631 si
599 593 651 634 aii·

67 649 129 699 tem
144 644 181 698 de
198 646 314 700 veritate
333 643 498 701 scandalum
519 647 651 720 sumitur,

67 713 167 770 utilius
191 713 266 796 nasci
283 714 447 798 scandalum
467 718 651 789 permittitur,

70 788 652 942 quiiliiizitisqsriilciiiiii'iitffilousideran-

64 928 140 1011 duni⁸
153 930 209 997 liic,
226 945 293 1002 quia
315 933 464 997 Dominus,
482 935 562 1004 cuius
586 941 653 994 sunt

63 1016 170 1063 omnia,
189 1006 276 1058 tantae
304 1006 481 1077 paupertatis
504 1005 599 1079 luerit,
621 1013 654 1065 ut

61 1071 136 1129 unde
151 1071 290 1131 tributum
308 1075 432 1133 solveret
449 1093 506 1135 noir
522 1079 651 1138 baberet.

60 1142 143 1201 Licet
156 1147 232 1228 euim
250 1145 361 1205 loculos
376 1149 506 1216 baberet,
523 1155 551 1206 et
564 1152 653 1209 ludas

59 1229 212 1287 pecuniam
236 1219 266 1273 in
287 1218 330 1276 eis
352 1226 491 1291 portaret,
508 1237 542 1278 ca
559 1228 653 1281 tamen

61 1302 129 1358 que
155 1287 211 1369 sibi
239 1288 276 1345 ad
304 1306 372 1348 usus
403 1308 561 1364 pauperum
588 1295 654 1353 data

63 1363 160 1425 erant,
173 1375 204 1415 ιιι
217 1376 287 1417 usus
307 1379 374 1419 suos
386 1380 436 1422 seu
450 1364 523 1421 alios
537 1382 652 1424 conver·-

64 1433 127 1485 tere
143 1430 221 1486 netas
235 1432 390 1505 reputavit,
406 1435 545 1509 nobisque
559 1454 652 1497 erem·

60 1501 141 1628 filum
157 1501 225 1585 utile
240 1503 269 1560 iii
290 1501 345 1563 hoc
364 1507 464 1564 tribuit
482 1515 510 1566 et
526 1510 649 1584 reliquit.

86 1588 137 1644 rgo
152 1590 175 1629 si
192 1588 292 1633 vivens
306 1578 341 1635 de
357 1579 527 1650 patrimonio
542 1582 650 1640 Christi

60 1643 202 1703 inutiliter
231 1651 364 1721 expendit
392 1668 438 1708 res
472 1668 649 1726 pauperum,

59 1721 174 1798 tenetur
204 1719 240 1777 ad
270 1721 478 1784 restitutionem
507 1734 535 1784 et
563 1732 649 1785 satis·

59 1787 232 1847 laciendum.
241 1793 296 1849 Sed
309 1800 451 1866 quomodo
463 1816 497 1856 ea
506 1801 648 1870 restituet,

59 1874 126 1941 cum
141 1877 200 1943 uon
210 1863 315 1945 babeat
325 1870 382 1927 alia
395 1874 450 1928 nisi
464 1873 500 1927 de
513 1878 650 1943 patrimo·

61 1932 516 2014 1109111151ιῖΝοιιιιρμιιιιι,ιιίεἰ
529 1945 649 2016 propriis

61 2003 195 2061 mamitus
208 2006 262 2063 hoc
276 2008 423 2090 elaborem
440 2017 482 2070 vel
499 2017 649 2073 necessita-

61 2078 121 2130 tem
136 2091 214 2133 suam
225 2084 381 2159 restringat
390 2092 561 2157 etcoarctet,
572 2097 602 2144 ut
614 2091 648 2145 de

60 2157 176 2213 residuo
189 2157 363 2230 pauperibus
375 2159 505 2216 restituat
521 2175 584 2230 quae
599 2160 648 2217 di-

59 2226 222 2300 lapidatur:
237 2229 384 2288 velsaltem
399 2232 568 2288 desertorum
580 2233 647 2289 sub·

58 2300 440 2360 sidiumadboct'acienduiii
457 2302 600 2375 imploret.

96 2378 112 2427 6
128 2382 255 2440 ansrio
273 2392 468 2433 nisciruioiiuii
487 2393 520 2430 ns
539 2393 647 2432 ιιιιοιιι-

58 2461 128 2499 τιτι
139 2462 238 2503 nonna.
247 2448 359 2514 -Quia
369 2463 435 2504 iero
445 2447 474 2503 in
486 2446 647 2505 redditione

59 2515 159 2572 tributi
188 2523 216 2575 et
241 2524 404 2591 equalitate
428 2518 523 2591 pretii,
545 2520 647 2576 Petrus

57 2587 153 2643 luerat
167 2590 286 2647 Domino
301 2598 491 2664 comparatus,
501 2590 644 2647 aestimau-

57 2666 101 2715 tes
115 2660 247 2733 discipuli
267 2664 384 2720 Petrum
403 2663 444 2720 eis
463 2664 601 2735 praelcrri,
616 2669 645 2719 et

56 2731 192 2789 omuibus
205 2749 267 2792 esse
284 2736 440 2806 praelatum,
455 2733 521 2805 quia
534 2751 551 2790 a
566 2736 643 2807 capi-

56 2802 151 2859 taneis
169 2806 358 2879 colligebatur
377 2807 524 2875 tributum,
538 2814 644 2877 cogita·

56 2875 130 2931 baut
147 2879 213 2947 quis
229 2893 328 2936 eorum
350 2885 425 2937 esset
446 2880 547 2950 major.
571 2882 644 2948 itpo-

58 2946 126 3002 stoli
144 2963 177 3002 ei
192 2951 288 3007 multis
301 2951 515 3024 praesumebant
530 2953 645 3006 Petrum

60 3018 209 3075 aCbiisto
228 3022 281 3079 sibi
298 3026 425 3094 praeferri
449 3039 456 3077 :
482 3027 513 3075 ut
532 3020 645 3092 quando

59 3087 88 3143 ei
103 3089 195 3146 claves
208 3093 286 3166 regni
302 3099 439 3152 coelornm
454 3091 599 3158 daturum,
618 3093 646 3145 et

59 3160 215 3218 Ecclesiam
233 3178 318 3238 supra
337 3173 445 3238 petram
462 3163 540 3231 fidei,
557 3177 645 3233 aqua

58 3232 121 3302 ipse
140 3248 243 3293 nomen
261 3245 419 3311 acceperat,
436 3235 643 3292 edilicatnriim

58 3316 90 3359 se
111 3306 259 3378 promisit,
279 3316 308 3366 et
327 3310 440 3382 quando
466 3312 558 3380 ipsum
578 3321 643 3362 cum

54 3376 162 3434 Jacobs
181 3392 266 3452 atque
282 3384 392 3439 loaune
411 3378 573 3450 assumpsit,
595 3380 642 3434 ubi

57 3450 279 3522 transfiguratus
293 3454 361 3522 iuit;
378 3458 406 3509 et
419 3458 536 3535 propter
550 3451 642 3531 tribui·

55 3525 118 3576 tnui
138 3523 214 3593 quod
236 3538 288 3595 pro
307 3539 338 3582 se
354 3531 381 3582 et
401 3539 452 3596 pro
472 3538 533 3594 ipso
548 3526 641 3591 solvit,

55 3594 97 3647 sic
113 3606 178 3649 euni
201 3596 256 3652 sibi
278 3595 360 3669 quasi
382 3594 546 3670 parificans,
562 3599 590 3650 et
609 3609 643 3650 ex

54 3662 100 3718 bis
132 3666 225 3738 major
252 3667 385 3725 omuibus
413 3666 591 3723 videbatur:
614 3670 644 3722 et

53 3733 121 3791 ideo
134 3736 171 3792 ad
183 3741 369 3809 quaerendum
381 3738 576 3797 movebantur.
587 3741 642 3794 ista

54 3812 152 3864 autem
177 3810 296 3881 quaestio
319 3810 464 3869 multoties
489 3809 542 3866 luit
566 3809 642 3865 inter

54 3877 209 3951 discipulos
234 3883 337 3940 Christi
359 3884 495 3940 ventilata
518 3898 525 3936 r
550 3881 641 3952 primo

55 3964 134 4006 enim
150 3955 185 4008 de
200 3970 234 4010 ea
249 3954 455 4027 cogitaverunt,
471 3957 501 4010 ut
514 3952 583 4009 dicit
596 3952 643 4008 hic

55 4023 145 4079 Lucas
166 4041 173 4080 ε
194 4028 313 4085 latravit
343 4035 433 4084 auten
456 4029 586 4094 capitatio
612 4027 643 4079 iri

55 4110 110 4162 eos,
123 4099 186 4166 quis
201 4114 293 4155 eorum
306 4101 396 4171 major
406 4105 485 4156 esset.
497 4095 642 4162 secundo,

54 4165 91 4247 de
104 4168 228 4240 cogitata
241 4171 457 4243 disputaverunt
469 4174 496 4227 iu
507 4169 563 4239 via,
572 4168 642 4224 dum

55 4243 131 4295 irent
151 4242 360 4315 caphernaum,
383 4243 551 4316 incipientes
571 4255 642 4321 eou-

55 4324 185 4383 quarere
202 4313 279 4373 inter
294 4331 336 4386 se,
350 4319 416 4388 quis
432 4326 533 4374 eorum
550 4324 643 4383 maror

707 441 793 502 esset,
811 441 843 490 ut
867 430 936 490 dicit
954 437 1066 493 blancus
1085 454 1091 493 :
1107 441 1252 510 siquiden
1266 443 1296 499 ιἰι

708 509 755 561 iiia
772 507 992 577 disputauerunt,
1009 512 1073 578 quis
1097 526 1189 567 eorum
1206 514 1296 583 major

707 584 785 633 esset.
795 577 900 645 Tertio,
913 577 1086 649 dispalatam
1100 582 1236 653 ilagistro
1247 585 1295 642 de·

707 649 919 706 terminandam
939 660 1157 722 proposuerunt,
1176 661 1207 711 ut
1226 656 1295 712 dicit

709 721 856 778 Mattbaeus
875 738 882 777 ι
903 724 1082 779 decesserunt
1104 726 1238 799 discipuli
1256 729 1295 784 nd

707 796 799 849 lesum
823 794 942 850 dicentes
959 814 968 849 ι
986 796 1064 864 Quis,
1091 804 1185 868 putes,
1203 800 1294 869 major

708 868 885 934 satiareque
900 868 1046 922 celorum?
1062 870 1094 924 lit
1108 869 1293 928 nibilominus

709 937 745 994 de
759 935 820 1008 ipsa
829 953 924 993 rursus
938 939 1156 1010 contenderunt,
1169 948 1198 998 ut
1208 942 1293 1014 inira,

709 1007 738 1064 in
764 1024 846 1065 coena
874 1009 995 1078 Domini,
1011 1011 1079 1066 dicit
1104 1013 1202 1071 Lucas.
1223 1015 1293 1072 Cum

709 1080 786 1137 enini
805 1079 950 1137 venissent
968 1083 1179 1152 Capbarnaum,
1194 1091 1222 1142 et
1244 1089 1294 1143 [lo-

712 1154 804 1208 minus
843 1169 872 1207 ro
888 1170 918 1209 se
934 1159 962 1209 et
977 1155 1060 1210 Petro
1077 1157 1186 1227 aequale
1204 1158 1293 1214 tribu·

711 1229 773 1305 tuni
788 1168 919 1305 sofieret,
931 1225 1017 1281 ceteri
1032 1228 1156 1298 Apostoli
1169 1230 1293 1300 priorem

710 1301 913 1367 cogitationem
926 1300 1080 1366 augebant,
1096 1307 1124 1353 et
1137 1315 1169 1354 eii
1182 1306 1294 1371 praeter·

710 1367 756 1423 itis
771 1372 798 1424 et
819 1384 851 1423 eii
866 1367 919 1424 isto
940 1369 1013 1424 lacto
1033 1372 1149 1426 intrauit
1165 1374 1295 1439 coqitotio

708 1441 739 1494 ia
751 1456 805 1510 eos,
816 1444 849 1496 ut
860 1440 950 1495 Lucas
961 1439 1039 1509 dicit,
1051 1445 1115 1511 quis
1124 1458 1215 1498 eorum
1228 1449 1296 1503 esset

708 1512 809 1580 major.
839 1511 975 1568 Dominus
1008 1518 1103 1569 autem
1135 1515 1235 1572 videns
1264 1518 1295 1574 i'ii

709 1587 803 1639 mente
825 1582 1028 1653 discipulorum
1043 1601 1129 1654 super
1146 1588 1201 1643 hoc
1216 1587 1293 1657 coiri-

710 1654 844 1710 tationem
875 1662 1017 1725 exortam,
1046 1659 1211 1730 priusquam
1240 1677 1293 1717 aii·

708 1731 854 1795 gmentum
882 1727 1045 1800 susciperet,
1076 1730 1210 1788 radicitus
1229 1748 1293 1790 euin

707 1798 829 1856 evellere
839 1798 947 1869 rolens,
961 1801 1088 1873 quaesivit
1102 1800 1136 1858 de
1149 1803 1291 1874 conquisi-

706 1868 794 1939 tione,
805 1887 900 1942 quam,
916 1881 947 1928 ut
958 1875 1065 1930 ilarcus
1079 1874 1175 1940 relect,
1187 1876 1292 1932 babue-

706 1949 773 1998 runt
800 1943 832 1998 in
856 1943 910 2000 iiia.
937 1946 968 1999 Et
984 1953 1062 2012 tuuc,
1084 1949 1114 2000 iii
1134 1948 1185 2001 iila
1213 1949 1290 2017 bora,

706 2012 835 2072 videntes
852 2031 882 2071 se
905 2014 1098 2096 deprehensos
1115 2017 1150 2072 ab
1174 2016 1235 2088 ipso
1257 2018 1292 2075 de

706 2087 1293 2158 contentionemajoritatismccesseruiitod

704 2161 806 2227 lesum,
823 2165 854 2215 ut
867 2160 1015 2215 ilatttiaeus
1028 2158 1106 2227 dicit,
1120 2160 1293 2232 responden·

705 2236 748 2287 tes
763 2237 791 2287 et
805 2233 924 2287 dieentes
939 2251 947 2286 ε
966 2232 1033 2298 Qum
1047 2237 1130 2301 putes
1145 2233 1236 2302 maior
1251 2238 1291 2290 est

705 2306 734 2359 iii
750 2320 834 2372 raquo
853 2304 990 2371 coeloruiii,
1005 2302 1033 2357 iil
1054 2309 1097 2359 est
1121 2302 1148 2360 iii
1173 2304 1292 2373 collegio

701 2375 856 2446 justorum,
868 2377 910 2431 iel
926 2375 1026 2431 nierito
1039 2374 1067 2431 iii
1081 2376 1206 2431 Ecclesia
1221 2374 1292 2432 mili·

704 2453 793 2514 tante,
810 2447 852 2503 vel
872 2446 989 2518 praemio
1007 2448 1034 2502 iii
1050 2446 1176 2504 Ecclesia
1189 2446 1290 2505 trium·

703 2520 830 2590 pbantei
848 2522 883 2574 Et
903 2518 1001 2575 volens
1020 2520 1156 2575 [lominus
1177 2518 1291 2575 desida-

703 2591 778 2647 rium
793 2590 891 2661 gloriae
917 2590 1077 2647 bumilitate
1091 2607 1205 2660 sanare,
1221 2594 1290 2648 resi·

702 2663 769 2719 deas
792 2665 900 2718 vocavit
922 2663 1080 2731 duodecim,
1098 2670 1124 2719 et
1147 2666 1189 2718 ait
1205 2664 1291 2720 illisr

701 2736 734 2791 Si
750 2737 814 2806 quis
832 2735 893 2789 vult
911 2736 1017 2805 primus
1040 2750 1107 2797 esse,
1125 2733 1226 2790 merito
1247 2734 1289 2790 icl

701 2807 831 2877 praemio,
842 2807 895 2860 erit
904 2813 933 2860 et
945 2804 981 2860 sit
993 2810 1113 2861 omnium
1123 2807 1291 2862 nouissimus

701 2882 728 2932 et
740 2880 860 2932 omnium
876 2879 1012 2942 minister,
1028 2876 1187 2930 bumilitate
1202 2882 1230 2930 et
1243 2877 1292 2933 ob·

703 2947 816 3017 sequio;
828 2950 858 3000 ut
866 2945 1033 3000 nouissimus
1042 2945 1077 2998 sit
1085 2944 1292 3001 cordcetmini·

704 3024 763 3072 ster
779 3015 901 3072 actione.
922 3015 1000 3072 Unde
1019 3014 1087 3070 dicit
1101 3014 1264 3070 Ambrosius
1281 3035 1290 3072 ι

706 3110 720 3140 a
736 3087 913 3158 Quicumque
928 3086 986 3143 vult
1000 3087 1117 3143 fratrem
1134 3085 1291 3156 praeieuirs

703 3159 861 3231 regnaudo,
870 3159 949 3231 prins
962 3175 1027 3216 eum
1040 3157 1195 3233 preveniat
1208 3161 1289 3217 obse·

702 3233 835 3305 quendo;
861 3232 953 3289 vincat
983 3248 1047 3289 eum
1076 3231 1231 3303 obsequiis,
1259 3238 1290 3289 ut

701 3305 791 3378 possit
806 3305 918 3361 vincere
937 3308 1097 3362 sanctitate.
1115 3304 1144 3361 Si
1164 3305 1241 3362 euim
1260 3313 1289 3362 te

701 3394 758 3434 iion
773 3377 844 3434 laesit
861 3378 957 3447 irater,
973 3376 1141 3450 obsequium
1162 3382 1289 3435 meretur

702 3456 735 3508 ut
749 3449 869 3521 diligas3
891 3451 966 3521 quod
983 3454 1006 3506 si
1026 3450 1144 3506 forsitan
1159 3454 1187 3505 te
1199 3449 1287 3530 laesit,

701 3523 792 3594 magis
807 3521 973 3593 obsequium
989 3527 1115 3579 meretur
1131 3525 1163 3576 ut
1179 3535 1286 3577 vincas.

702 3594 767 3650 llaec
776 3593 853 3651 euim
866 3599 969 3649 nostrae
980 3591 1200 3651 Christianitatis
1213 3604 1289 3649 sum·

701 3680 750 3722 ma
762 3671 815 3734 est,
831 3670 862 3720 ut
875 3664 1038 3722 amantibus
1053 3663 1287 3732 vicissitudinem,

701 3737 870 3793 laedentibus
893 3735 1060 3807 patientiam
1082 3739 1285 3807 rependamus.

702 3808 753 3876 Qui
764 3824 832 3890 ergo
843 3804 1286 3888 lueritpatientioradinjuriam,

702 3885 845 3951 potentior
870 3884 1056 3936 constituetur
1080 3894 1108 3933 in
1141 3892 1228 3948 reguo
1246 3896 1252 3931 :
1271 3892 1286 3927 ii

702 3953 762 4008 brec
780 3951 953 4008 Ambrosius.
969 3949 1130 4008 Secundum
1151 3950 1286 4025 Classem,

700 4023 844 4080 contentio
860 4021 913 4079 ista
934 4024 1024 4094 potuit
1040 4036 1103 4077 esse
1122 4035 1156 4098 eii
1171 4014 1286 4072 humili-

700 4100 769 4164 tate,
786 4095 900 4152 volebat
920 4095 997 4151 enim
1016 4106 1089 4148 unus
1110 4089 1199 4168 alium
1214 4099 1286 4210 ζιε-

699 4168 843 4225 remrein
865 4169 994 4232 lionore;
1017 4161 1099 4239 unde.
1113 4174 1153 4238 ιιι
1176 4160 1213 4210 lia
1233 4160 1285 4236 eti

700 4239 790 4296 Causa
815 4235 1006 4295 contentionis
1033 4230 1118 4310 nobis
1142 4231 1286 4310 incognita

700 4298 1286 4383 mmmwmmwu
