2820 4928
142 341 179 401 20
512 337 668 395 secunus
695 329 814 394 lluTls
842 336 938 390 cartu
965 331 1004 389 lll

143 450 241 508 missio
249 450 470 519 consequeretur
479 446 728 518 ellectumlteque
783 444 933 516 majestate
952 440 1014 509 Dei,
1033 441 1177 524 quietata
1196 443 1323 501 Trinitas
1337 443 1373 502 ibi

144 523 220 581 enirn
246 521 339 578 claves
366 517 540 575 obtinuisses
564 515 657 590 regni,
677 533 729 573 nee
783 513 938 588 apparuit:
956 515 1041 569 Peter
1064 528 1205 596 introeo,
1230 515 1319 572 Filius
1347 516 1374 573 in

142 593 243 652 mortis
267 589 395 647 trannis
414 588 522 647 abolita
546 593 631 645 essct.
650 609 665 638 n
685 590 729 656 Et,
784 590 909 644 hnmana
934 601 1035 654 earne,
1056 586 1179 656 Spiritus
1203 587 1327 644 Sanetus
1346 589 1374 644 in

142 671 175 722 ut
186 666 255 721 dicit
267 609 494 733 dilaceremus:
510 683 524 712 «
539 658 610 727 Quia
621 659 731 716 audivit
784 660 870 740 nube,
886 673 937 730 per
958 657 1032 728 quod
1053 657 1137 713 datur
1154 658 1277 741 intelligi
1300 660 1375 742 quod

143 736 219 808 qnod
233 730 689 807 oporteteumterosolymamire
702 737 730 788 et
783 729 876 803 gloria
896 733 1062 785 Sanctorum
1082 735 1213 785 consistit
1231 747 1260 786 in
1283 730 1374 787 lruiti·

141 808 233 865 multa
245 805 315 878 pati,
330 805 425 862 adhue
439 803 521 860 limet
537 819 588 875 pro
600 800 730 870 Christ03
784 818 839 858 one
855 799 1027 857 beatissimae
1038 798 1192 859 Trinitatis.
1207 801 1288 858 Sicut
1300 802 1375 859 enim

142 878 193 935 sed
220 883 284 947 post
307 875 531 947 increpationem
557 890 616 931 non
646 873 732 930 audet
786 874 886 929 Petrus
901 872 996 929 ebrius
1011 887 1044 927 ex
1061 872 1210 928 dulcedine
1226 873 1306 930 illius
1322 874 1374 930 ela·

141 954 240 1021 aperta
266 947 362 1005 dicere
385 963 494 1015 rursus,
514 945 651 1018 propitius
670 947 731 1002 esto
785 943 877 1001 ritatis
891 943 980 999 rolriit
999 942 1037 999 ibi
1058 943 1152 1000 lacere
1169 943 1224 1000 tria
1241 947 1373 1002 taberna·

141 1020 205 1089 tibi,
218 1021 269 1078 sed
288 1022 364 1077 idem
383 1018 494 1075 occulte
511 1033 563 1091 per
580 1017 637 1073 alia
651 1015 732 1087 signa
786 1017 862 1083 cula;
878 1014 919 1070 ita
929 1014 1014 1070 babet
1025 1017 1110 1071 bomo
1120 1015 1175 1072 tria
1187 1017 1374 1074 tabernacula

142 1091 280 1149 insinuat.
296 1090 370 1159 Quia
387 1089 463 1147 enim
482 1089 596 1147 ridebat
613 1089 731 1145 multam
785 1086 814 1143 in
834 1085 930 1143 anima
949 1102 1010 1154 sua,
1025 1102 1091 1157 qum
1112 1104 1161 1143 nee
1182 1090 1304 1159 Moyses,
1324 1106 1375 1145 nec

142 1170 267 1237 quietern
299 1169 329 1220 et
358 1161 560 1230 solitudinem,
597 1158 733 1232 cogitavit
786 1157 871 1221 Elias,
883 1157 933 1214 sed
949 1157 1010 1213 sola
1022 1158 1240 1215 beataTriuitas
1252 1160 1376 1217 delecta-

143 1235 361 1293 convenientem
378 1232 418 1291 ibi
443 1248 505 1290 esse
527 1232 680 1289 stationem
699 1247 732 1286 cx
787 1230 881 1286 bililer
897 1228 1047 1297 inliabllat,
1069 1230 1224 1287 secuudum
1241 1230 1312 1287 illud
1328 1234 1373 1288 Jo-

142 1306 196 1364 loci
213 1307 409 1379 dispositione,
425 1305 501 1376 quod
517 1303 669 1376 signifieat,
686 1301 730 1359 di·
786 1301 870 1357 annis
884 1300 1064 1372 evangelistae
1077 1320 1082 1358 :
1095 1302 1141 1357 Ad
1153 1319 1212 1357 orm
1223 1307 1372 1373 veniemus,

142 1395 211 1436 cens
228 1397 234 1437 :
250 1381 356 1435 Bonum
381 1381 422 1433 eet
444 1392 493 1432 nos
520 1377 648 1430 tetresse.
668 1373 733 1429 Vult
786 1374 1285 1442 etmonoionemapudeumfaciemus
1310 1378 1374 1433 llaec

141 1450 228 1507 etiam
242 1464 355 1521 semper
368 1447 414 1504 hic
429 1463 505 1513 esse;
522 1446 587 1502 ideo
601 1446 732 1502 taberna·
786 1451 881 1501 autem
906 1450 972 1500 sunt
990 1461 997 1499 ι
1015 1444 1163 1513 memoria,
1185 1445 1374 1518 intelligentia

143 1521 273 1577 culorum
298 1516 444 1586 meminit,
463 1516 590 1572 dicens:
616 1519 648 1574 Si
672 1519 731 1585 vis,
787 1521 814 1573 et
838 1515 980 1572 voluntas.
1010 1518 1080 1571 Nam
1103 1517 1188 1573 Filius
1214 1518 1372 1575 habitatin

141 1594 282 1660 sodomus
295 1592 408 1646 hictrio
420 1587 609 1643 tabernacula.
623 1587 733 1660 Cogita-
786 1588 970 1644 tabernaculo
993 1587 1201 1659 intelligentiae,
1229 1588 1373 1660 implendo

141 1661 183 1718 rit
211 1660 288 1718 enim
315 1659 392 1732 quod
420 1659 445 1715 si
471 1661 525 1714 boc
554 1658 647 1728 lieret,
676 1674 732 1714 non
786 1659 878 1731 ipsam
899 1658 947 1715 Dei
971 1659 1134 1727 plenissima
1150 1666 1177 1716 et
1200 1660 1375 1718 lucidissima

142 1733 312 1790 ascenderet
336 1730 552 1802 lerosolymam,
573 1734 601 1786 et
625 1729 649 1786 si
675 1746 732 1786 non
787 1729 1373 1802 cognitione3Spiritussanctusintaber·

142 1804 313 1862 ascenderet
328 1800 467 1869 Christus,
482 1817 540 1857 non
556 1807 731 1870 moreretur,
787 1802 888 1858 narulo
914 1803 1085 1871 voluntatis,
1113 1803 1257 1875 implendo
1284 1807 1374 1875 ipsam

143 1874 183 1932 ibi
193 1875 269 1931 enim
281 1873 389 1931 sciebat
399 1874 512 1931 Scribas
522 1871 650 1929 insidiari
661 1872 687 1929 ei
698 1891 704 1930 :
716 1892 731 1926 a
787 1872 969 1945 sapidissima
982 1879 1010 1930 et
1024 1874 1189 1931 suavissima
1202 1875 1371 1946 dilectione;

144 1948 206 2004 haee
219 1949 436 2018 chrysostomus.
450 1947 484 2000 Et
497 1945 563 2000 licet
576 1945 687 2008 Petrus,
702 1949 733 2000 ut

143 2019 228 2075 brimo
250 2017 433 2102 stupefactus,
453 2015 574 2073 nesciret
592 2015 660 2086 quid
678 2016 732 2072 hoc

142 2086 733 2161 petendodieeret‚inhoctamensuamde·

143 2161 287 2217 sotionem
306 2158 440 2227 ostendit,
460 2167 488 2215 et
507 2157 601 2214 insiti
622 2158 665 2215 sui
684 2174 731 2215 ar-

144 2232 223 2289 doris
242 2236 382 2287 monstrat
402 2229 547 2286 indicium.
567 2230 645 2286 Unde
665 2231 732 2286 ine-

143 2302 255 2360 briatus
271 2305 370 2358 Petrus
384 2307 456 2369 erat,
472 2299 568 2372 quide
581 2306 732 2383 unagutte

143 2373 201 2430 uini
214 2371 337 2431 coelestis
352 2388 436 2443 quam
449 2371 659 2443 biberat,quas1
675 2378 731 2429 tres

144 2445 280 2503 tabernas
301 2445 394 2501 lacere
411 2444 533 2501 volebat.
555 2443 634 2501 Sicut
655 2444 730 2500 enim

144 2532 178 2574 ex
193 2516 333 2590 passionis
347 2514 553 2589 magnitudine,
571 2519 601 2572 ut
621 2514 731 2572 timoris

143 2588 187 2645 rel
203 2586 334 2645 moeroris
346 2592 395 2643 aut
413 2586 529 2654 amoris,
546 2586 648 2658 aliquis
663 2603 730 2659 pro·

143 2658 250 2731 rumpit
261 2657 290 2715 in
303 2657 399 2741 aliqua
410 2659 497 2714 verba
509 2658 570 2714 sino
583 2656 731 2732 premedi-

142 2729 267 2798 tatione;
283 2729 323 2786 ita
341 2727 472 2786 similiter
486 2745 518 2786 ex
534 2729 730 2802 magnitudine

141 2801 301 2858 devotionis
323 2805 352 2858 et
374 2799 570 2858 delectationis
595 2807 730 2873 expertae,

142 2871 212 2930 dixit
236 2875 336 2931 Petrus
360 2871 410 2929 illa
429 2872 527 2941 verba,
547 2889 612 2944 quae
633 2880 730 2929 tamen

139 2961 198 3003 non
213 2951 297 3004 erant
313 2943 507 3014 rationabilia,
524 2943 593 3027 quia
614 2943 644 3003 in
669 2944 729 3001 solo

141 3023 258 3089 aspectu
270 3015 458 3074 humanitatis
471 3015 576 3074 Christi
589 3032 647 3074 non
662 3033 730 3074 con·

139 3087 216 3145 sistit
235 3087 360 3145 essentia
383 3087 587 3157 beatitudinis3
612 3094 641 3144 et
665 3088 729 3145 ideo

139 3157 212 3216 illud
226 3174 284 3214 non
298 3158 421 3214 debebat
434 3159 566 3214 sulllcere
580 3174 632 3230 pro
649 3157 728 3215 llnali

140 3227 327 3284 beatitudine.
342 3257 376 3270 -
393 3230 426 3285 ln
445 3234 541 3285 monle
558 3229 670 3285 Thabor
687 3235 730 3285 est

140 3297 249 3372 mande
279 3297 486 3355 monesterium
517 3299 619 3370 grandi
658 3299 729 3357 silva

140 3367 360 3437 circumdatum,
376 3374 434 3425 tres
453 3371 561 3427 babens
583 3371 727 3442 ecclesias,

136 3438 218 3513 juxta
234 3440 310 3568 Ἓυοᾱ
324 3442 426 3497 Petrus
444 3439 485 3498 ait
501 3459 508 3523 ξ
524 3445 669 3499 Faciamus
684 3446 728 3500 tic

138 3515 239 3569 triete
258 3513 399 3572 encenia.
416 3541 451 3554 —
463 3515 527 3569 Tria
543 3515 728 3572 tabernacula

137 3583 374 3656 contemplativus
388 3583 535 3641 moraliter
548 3584 624 3655 lacit,
639 3602 726 3658 quan·

135 3653 173 3710 do
189 3657 305 3724 Legem,
322 3660 350 3711 et
366 3657 534 3727 Prophetas,
551 3662 580 3713 et
595 3659 726 3740 Evange-

135 3725 205 3783 lium
220 3725 347 3798 practice
362 3726 481 3798 legendo
497 3727 633 3800 disponit,
648 3729 724 3786 scili·

134 3802 181 3854 cet
195 3816 203 3853 :
218 3797 305 3854 corde
320 3798 474 3867 eredendo,
485 3814 536 3855 ore
550 3801 723 3872 coufitendo,

136 3873 164 3925 et
177 3883 263 3941 opere
279 3867 471 3940 adimplendo.

172 3945 189 3997 6
202 3943 269 3997 Tru
282 3958 310 3997 m
323 3957 590 3998 rnausrroumrmue
600 3960 725 3999 consins-

135 4029 225 4069 iuueni
242 4030 249 4068 :
266 4015 421 4069 Tamucus
436 4030 640 4075 santissimo.
655 4031 723 4071 rale-

135 4098 230 4141 sertui
249 4086 353 4141 blors1s
372 4086 548 4147 annuntius
565 4103 597 4140 er
613 4086 722 4142 Cunisrl

136 4170 332 4214 ceommcarro.
341 4155 532 4214 -Sciendum
541 4161 635 4213 autem
649 4157 724 4230 quod

136 4223 192 4283 ista
215 4227 447 4302 transfiguratio,
469 4226 634 4300 signiticans
661 4229 723 4301 glo·

788 1944 921 2001 Pateria
941 1946 1125 2002 tabernaculo
1147 1947 1305 2016 memoria,
1322 1951 1373 2005 im·

786 2017 891 2088 plendo
906 2015 995 2098 ipsam
1010 2016 1114 2088 cogniti
1126 2023 1154 2073 et
1168 2016 1262 2074 dilecti
1277 2036 1375 2101 perpe

786 2094 835 2143 tua
854 2088 1007 2144 retectione
1030 2093 1059 2144 et
1078 2090 1259 2146 securissima
1280 2097 1373 2147 inten-

787 2161 865 2216 tione
877 2183 882 2217 :
894 2159 998 2231 quibus
1010 2159 1120 2217 actibus
1130 2163 1226 2217 anima
1240 2163 1270 2217 in
1285 2164 1373 2219 Deum

786 2233 867 2358 3υηί
882 2231 1008 2287 totaliter
1020 2235 1247 2298 transformatur,
1263 2238 1292 2289 et
1303 2249 1373 2305 quo·

806 2302 1374 2363 ammododeilormiselficitur.Tuneve·

785 2374 1088 2435 rillcatur.secundum
1121 2375 1250 2431 uamdain
1265 2394 1374 2450 praegu-

785 2445 948 2515 stationem,
960 2445 1029 2502 illud
1040 2390 1118 2517 quoi
1127 2445 1230 2502 dicitur
1241 2442 1272 2504 in
1284 2450 1372 2506 Eran-

784 2517 858 2587 gelio
875 2533 882 2572 τ
898 2520 976 2573 lntra
991 2521 1020 2573 in
1033 2519 1167 2585 pendium
1186 2521 1299 2575 Domini
1319 2525 1371 2578 tut.

784 2617 819 2630 -
839 2589 980 2657 Secundo,
997 2589 1169 2646 describitur
1186 2592 1239 2645 ista
1256 2593 1373 2649 transli-

784 2662 907 2732 guratio,
918 2676 934 2716 a
947 2658 1083 2717 societate
1095 2663 1241 2729 consortii,
1255 2666 1322 2734 quia
1334 2663 1373 2721 ibi

784 2733 898 2788 luerunt
920 2733 1034 2804 ,Moyses
1060 2736 1089 2788 et
1116 2731 1209 2801 Elias;
1236 2737 1372 2804 lacobus,

786 2805 886 2858 Petrus
901 2810 929 2859 et
944 2805 1079 2860 loannes.
1099 2805 1129 2859 ln
1155 2806 1263 2861 eoelestl
1287 2806 1373 2877 igitur

784 2872 875 2946 gloria
890 2874 1060 2931 babebimus
1073 2877 1163 2931 socios
1178 2892 1279 2933 omnes
1294 2879 1373 2934 Vete-

785 2945 823 3001 ris
837 2952 866 3002 et
878 2947 947 3002 Novi
962 2946 1133 3002 Testamenti
1150 2949 1278 3004 Sanetos.
1293 2950 1371 3006 Beati

785 3018 894 3074 Veteris
915 3017 1088 3074 Testamenti
1109 3018 1324 3090 distinguuntur
1343 3021 1372 3076 in

784 3088 856 3146 duos
872 3090 998 3157 ordinae,
1016 3090 1124 3145 scilieet
1148 3107 1156 3146 ε
1183 3091 1372 3161 Patriarchas,

784 3159 832 3232 qui
847 3159 1046 3232 intelliguntur
1060 3177 1109 3287 per
1124 3163 1247 3233 Moysen,
1261 3171 1291 3218 et
1304 3164 1372 3220 Pro-

782 3231 884 3359 imas
904 3235 951 3303 qui
968 3248 1018 3303 per
1037 3233 1136 3288 Elam.
1157 3234 1253 3291 Sancti
1275 3242 1371 3292 autem

807 3301 852 3358 ori
862 3304 1033 3361 Testamenti
1047 3304 1260 3376 distinguuntur
1271 3304 1301 3361 in
1313 3312 1371 3363 tres

782 3373 915 3431 ordines:
928 3374 1036 3432 scilicet
1049 3374 1078 3432 in
1094 3377 1241 3448 Martyres,
1257 3378 1305 3448 qui
1322 3394 1372 3448 per

780 3445 937 3516 iacobum3
957 3450 985 3503 in
1009 3447 1201 3515 Conlessores,
1219 3452 1268 3519 qui
1293 3448 1368 3518 pleni

781 3516 922 3588 sapientia
947 3519 998 3575 Dei
1028 3518 1226 3590 intelliguntur
1246 3535 1298 3590 per
1318 3521 1370 3576 Pe·

781 3597 868 3657 trum,
881 3588 931 3660 qui
946 3589 1151 3662 iuterpretatur
1163 3607 1314 3659 opnoseens
1324 3612 1332 3659 3
1342 3591 1371 3648 in

780 3661 923 3732 Virgines,
936 3662 984 3732 uui
1020 3678 1051 3717 er
1068 3664 1220 3719 ioannem.
1239 3663 1300 3723 Vel.
1314 3661 1369 3719 diei

781 3736 874 3812 potest
896 3733 973 3803 quod
997 3677 1124 3791 Ebrietas
1149 3733 1237 3790 voluit
1262 3734 1370 3791 habere

779 3803 975 3861 testimonium
996 3805 1041 3861 sui
1063 3806 1201 3861 adrentus
1224 3822 1231 3863 :
1253 3807 1289 3862 ab
1313 3805 1370 3862 illis

780 3873 829 3945 qni
850 3881 916 3930 sunt
937 3878 966 3932 in
987 3877 1074 3946 coelo,
1097 3877 1206 3932 scilieet
1229 3893 1247 3932 a
1266 3879 1367 3944 Patre;

780 3951 808 4000 et
821 3947 857 4003 ab
874 3945 929 4004 illis
943 3949 992 4019 qui
1009 3947 1116 4004 suntin
1132 3949 1248 4016 mundo,
1262 3948 1370 4004 scilicet

778 4018 907 4085 aPetro,
920 4019 1027 4075 Jacobo
1042 4027 1071 4075 et
1082 4022 1204 4086 loanne;
1220 4024 1247 4075 et
1263 4018 1298 4075 ab
1314 4019 1368 4076 illis

779 4087 906 4160 quisunt
920 4089 949 4146 in
963 4090 1089 4146 terrestri
1105 4091 1246 4160 paradiso,
1261 4089 1369 4147 scilieet

779 4160 815 4215 ab
831 4160 907 4228 Elia,
924 4165 953 4216 et
968 4161 1004 4217 ab
1022 4160 1079 4216 illis
1093 4163 1142 4233 qui
1156 4162 1266 4218 suntin
1280 4161 1368 4218 inler-

779 4246 832 4301 no,
851 4230 959 4288 scilicet
983 4247 1000 4288 a
1025 4233 1131 4306 Mopse.
1156 4235 1221 4304 Vel,
1249 4249 1302 4306 per
1321 4250 1368 4292 sex

134 4295 208 4354 riam
224 4296 722 4372 Sanctorumprimodescribitura
776 4317 913 4374 personas
940 4300 1091 4376 signantur
1115 4321 1162 4362 sex
1188 4305 1274 4375 bona,
1304 4322 1367 4379 quo
