2820 4928
85 395 132 450 ³³6
448 392 606 447 SECUNBAE
634 390 756 447 lintis
783 393 886 447 clini
915 392 972 446 bll'

88 509 205 580 propter
215 503 319 579 pedum
330 501 520 576 corporalium
535 501 661 559 emunda

89 580 206 649 tionem,
224 576 274 636 sed
288 579 404 649 propter
424 573 593 631 humilitatis
605 590 674 631 eru-

89 649 238 719 ditionem,
253 652 281 705 et
301 648 337 705 ad
352 649 405 704 hoo
422 646 475 703 leci
490 650 522 703 ut
540 645 673 703 ostende·

89 738 150 779 rem
172 737 222 778 ios
249 719 287 778 ad
311 722 364 776 hoo
390 717 492 777 teneri.
514 719 674 776 Secundum

89 795 317 864 Glirusostomum,
333 789 495 849 Christiana
504 791 606 864 religio
626 806 675 862 po-

732 500 769 559 nd
780 501 930 575 mysticum
945 515 1088 570 sensum,
1106 500 1166 558 hoo
1178 499 1319 557 mandaturi

731 573 816 632 debet
837 573 963 647 impleri.
985 574 1035 631 Ad
1061 573 1198 630 litteram
1217 570 1321 653 quiden

731 648 762 703 ut
782 661 834 719 per
852 644 1007 703 caritatem
1024 647 1197 703 serviamus
1211 644 1320 714 iniicein,

730 734 790 775 non
804 717 894 775 solum
909 717 940 774 ln
952 717 1088 775 lavando
1109 717 1204 791 pedes
1212 716 1321 789 tration,

731 791 781 847 sed
796 794 824 847 et
842 789 872 847 in
886 791 1027 847 omnibus
1044 789 1272 848 necessitatibus
1283 788 1321 845 ad·

89 864 145 922 tius
173 863 294 921 attendit
320 864 446 935 modum,
467 880 553 936 quain
580 879 673 935 opus:
728 862 865 936 juvando,
880 869 909 919 et
925 861 1249 935 operamisericordiae
1263 877 1322 917 exer

89 935 156 1009 quia
170 936 307 993 Dominus
320 952 377 993 non
391 936 512 993 attendit
526 942 675 1007 qnantum,

89 1009 139 1065 sed
154 1025 187 1065 ex
200 1007 353 1080 quanto,id
367 1006 512 1079 estpotius
527 1009 581 1064 lioe
591 1022 677 1080 quain

87 1079 168 1137 illud.
184 1083 219 1137 Et
232 1082 305 1138 bene
318 1080 413 1137 docuit
427 1079 617 1137 humilitatem
633 1096 676 1135 ex·

89 1153 200 1225 emplo;
219 1168 285 1210 nani
311 1151 341 1208 iii
364 1151 519 1209 moralibus
534 1157 562 1209 et
579 1151 611 1207 in
632 1167 678 1208 ae·

88 1223 164 1281 tibus
178 1224 336 1293 hominum,
358 1225 421 1297 plus
446 1229 562 1282 movent
581 1239 676 1280 exem·

88 1295 137 1369 pla
190 1312 236 1354 am
249 1298 346 1353 rerba.
363 1297 436 1353 lllud
451 1294 528 1353 enim
544 1295 676 1367 hocagit,

91 1373 121 1425 et
143 1368 237 1440 eegit,
255 1370 329 1440 quod
351 1367 406 1425 sibi
422 1369 534 1426 videtur
556 1369 675 1438 bonum,

90 1438 166 1496 unde
181 1440 272 1511 magis
295 1440 418 1498 ostendit
441 1440 505 1513 quis
520 1439 590 1497 illud
614 1456 678 1497 esse

87 1510 206 1579 honum,
233 1513 308 1583 quod
339 1512 457 1583 ipsemet
485 1511 574 1584 eligit,
591 1528 677 1584 qiiam

89 1583 166 1655 quod
178 1583 269 1641 docet.
286 1586 320 1640 Et
331 1584 399 1641 inde
413 1589 454 1641 est
469 1587 544 1656 quod
561 1584 676 1653 quando

89 1653 153 1725 quis
167 1654 250 1711 docet
264 1654 383 1727 aliquid,
397 1661 425 1713 et
437 1656 514 1713 aliud
529 1655 606 1725 sarit,
617 1672 676 1713 ma-

88 1724 132 1797 gis
147 1725 246 1781 suadet
260 1726 324 1783 aliis
339 1728 415 1855 guod
438 1726 516 1798 sarit,
541 1743 627 1799 quani
645 1726 676 1784 id

89 1797 167 1868 qnod
180 1797 276 1865 dooet3
289 1798 339 1855 eti
361 1815 395 1855 eo
409 1799 531 1857 maxime
543 1815 675 1857 neeessa-

92 1867 166 1926 rium
177 1874 221 1925 est
230 1885 263 1926 ex
271 1869 330 1944 ipso
340 1871 415 1929 tacto
425 1872 493 1929 dare
503 1872 673 1946 exemplum.

92 1940 673 2015 Sequiturergo:Ammomeudioouoliis:

92 2015 153 2072 Nou
165 2019 305 2072 estseruus
312 2016 403 2087 major
409 2020 523 2074 Domino
530 2032 678 2088 suumque

89 2085 249 2168 Apostolus,
265 2087 294 2143 id
308 2093 350 2144 est
364 2088 467 2146 missus
481 2105 530 2146 seu
545 2088 675 2158 nuntius,

90 2172 181 2227 maior
192 2175 221 2215 eo
236 2163 286 2229 qui
296 2163 373 2217 misit
384 2162 475 2229 illum,
488 2165 517 2217 et
529 2160 593 2217 ideo
604 2160 677 2217 siout

88 2243 141 2299 ego
160 2230 308 2297 Dominus,
324 2235 353 2288 et
371 2230 506 2303 Magister
521 2236 550 2288 et
560 2233 677 2288 mitteris

90 2299 362 2369 mehumilioi'obis3
375 2301 415 2357 ita
424 2307 452 2358 et
461 2319 510 2358 vos
525 2302 676 2360 humiliare

732 934 831 991 cende.
844 935 927 1002 Quod
944 934 969 991 si
995 950 1058 991 non
1075 934 1134 991 fiat
1157 933 1321 1001 adlitteran,

732 1005 838 1063 scilieet
847 1021 945 1076 manu,
959 1007 1070 1064 saltem
1086 1006 1233 1064 iaciamus
1245 1004 1323 1075 corde,

732 1078 803 1137 utin
815 1078 929 1134 illorum
938 1094 1067 1136 numero
1079 1080 1178 1135 simus
1188 1075 1322 1151 quibusli-

732 1150 1321 1218 eiturinPsalmo:Benedicite‚sunetietlie

731 1222 1319 1295 milesoorde,DominoUndeAupusti'oui:

733 1313 747 1349 «
763 1294 850 1351 blulto
865 1292 967 1350 melius
985 1299 1076 1352 estet
1093 1296 1159 1351 sine
1174 1299 1321 1351 contruxer-

732 1365 892 1431 sitiremus,
910 1371 941 1422 ut
957 1366 1050 1423 eliani
1067 1365 1210 1424 manilius
1227 1366 1281 1434 lint,
1296 1381 1321 1422 ne

732 1439 902 1509 dedignetur
912 1438 992 1510 quod
1006 1438 1081 1495 tecit
1096 1438 1233 1495 Christus
1246 1438 1321 1494 faeere

732 1510 919 1568 Christianus.
935 1511 1008 1566 Cum
1024 1512 1110 1567 enim
1126 1510 1167 1567 ad
1181 1510 1267 1583 pedes
1279 1510 1321 1566 lra-

731 1585 783 1640 tris
796 1583 948 1639 inclinatur
963 1598 1085 1654 corpus.
1098 1582 1192 1640 etiarn
1210 1583 1239 1639 in
1253 1581 1321 1638 eorde

732 1657 793 1728 ipso
807 1654 851 1711 vel
871 1653 1019 1723 excitatur,
1038 1655 1088 1711 vel
1109 1657 1134 1711 si
1161 1656 1226 1725 jam
1245 1653 1320 1710 inerat

732 1728 918 1785 confirmatur
941 1726 1030 1798 ipsius
1055 1725 1238 1784 humilitatis
1260 1727 1320 1784 atle-

732 1807 793 1857 etus
812 1821 819 1856 :
837 1818 852 1852 l)
870 1799 932 1855 haee
950 1799 1149 1866 Augustinus.
1168 1829 1204 1843 -
1220 1799 1272 1855 Sed
1284 1814 1319 1854 ex·

732 1877 814 1955 cepto
839 1870 894 1927 isto
919 1869 1021 1926 morali
1038 1869 1211 1940 intellectu,
1227 1869 1320 1926 nihilo·

731 1959 825 2000 minus
839 1943 893 1999 hoe
907 1940 1048 1999 etiamad
1076 1944 1239 2015 mysticum
1252 1940 1320 1998 intel

730 2016 846 2085 lectum,
864 2018 893 2071 et
907 2011 1099 2086 spiritualiter
1120 2014 1222 2071 iacere
1244 2013 1320 2070 delie-

732 2103 803 2144 mus.
821 2089 851 2142 lii
871 2086 978 2142 lotione
1002 2083 1083 2141 enim
1106 2086 1232 2158 pedum,
1251 2085 1321 2141 datur

731 2157 851 2229 intelligi
865 2158 972 2226 ablutio
984 2157 1185 2215 macularum.
1199 2160 1274 2214 'lune
1285 2171 1319 2213 er·

732 2248 767 2305 go
780 2228 966 2303 spiritualiter
975 2228 1057 2285 lavas
1068 2230 1164 2302 pedes
1174 2231 1268 2286 fratris
1276 2228 1318 2294 tui,

731 2318 796 2360 euni
810 2301 953 2359 Christum
969 2299 1126 2369 imitand0‚
1136 2302 1233 2359 abluis
1246 2314 1319 2374 quan·

88 2369 209 2439 debetis,
233 2377 261 2428 et
285 2373 377 2430 lacere
392 2373 549 2442 aeuiialibus
562 2374 675 2446 vestris,
730 2380 790 2432 tuin
801 2375 831 2429 in
843 2379 872 2429 te
880 2379 924 2430 est
934 2372 1063 2429 maculas
1074 2374 1153 2445 ejus.
1164 2376 1225 2431 lloe
1237 2377 1319 2430 anteiii

89 2442 166 2524 quod
178 2458 224 2499 me
232 2442 312 2500 vobis
324 2442 481 2501 minoribns
495 2447 587 2503 lacere
602 2445 675 2503 iidi-
730 2447 763 2502 tit
784 2444 952 2518 tripliciter:
976 2445 1160 2501 remittendo
1179 2445 1285 2502 scilieet
1298 2440 1320 2499 ei

88 2518 150 2570 stis.
166 2514 250 2582 Quasi
263 2514 381 2585 diceret,
389 2518 544 2575 seeundum
560 2520 675 2589 dlirpso-
730 2519 880 2586 ollensam,
895 2515 967 2572 siout
981 2515 1028 2572 ille
1049 2516 1139 2574 nobis
1159 2513 1321 2589 poenitenti·

87 2590 204 2642 stomuui
215 2605 223 2642 :
234 2586 343 2645 Siame
355 2589 416 2645 haee
431 2590 504 2647 tacta
519 2597 594 2661 sunl,
608 2590 678 2648 mul·
728 2589 782 2648 hus
796 2594 910 2661 peecata
925 2587 1044 2645 dimittit
1055 2605 1063 2656 3
1075 2587 1209 2661 itemque
1225 2585 1321 2645 orando

88 2663 118 2714 to
142 2657 233 2730 magis
251 2675 268 2716 a
285 2660 367 2719 vohis
388 2666 501 2733 oportet
514 2663 576 2718 baeu
594 2662 674 2732 tleri;
730 2678 781 2734 pro
796 2659 920 2733 peccatis
934 2661 1006 2731 ejus,
1020 2659 1096 2715 sicut
1117 2660 1170 2716 ille
1189 2659 1258 2716 laxit
1277 2671 1321 2715 nos

88 2728 232 2788 debitores
264 2733 339 2789 enim
366 2732 578 2789 noscenstitnit
603 2736 677 2790 Deus
729 2732 894 2804 apeoeatis,
915 2729 1129 2802 interpellando
1147 2732 1265 2789 Patrem
1295 2744 1322 2786 ro

89 2802 151 2884 ipse
170 2800 319 2875 incipiens.
337 2805 390 2872 Qui
409 2805 489 2862 sedet
503 2821 590 2878 super
603 2806 677 2862 Clie-
731 2804 824 2874 nobis,
840 2808 868 2860 et
888 2803 940 2859 iste
958 2800 1063 2884 duplex
1079 2801 1203 2859 lavandi
1231 2746 1323 2859 mogus

89 2874 183 2931 rubim
199 2875 285 2946 pedes
302 2877 370 2933 laii‘t
381 2876 534 2961 proditoris
546 2894 553 2946 ;
565 2882 595 2934 tu
611 2893 678 2934 iero
731 2875 890 2933 communis
904 2877 947 2931 est
961 2874 1095 2931 omnibus
1110 2874 1265 2945 fidelibus;
1277 2879 1326 2954 ter:

90 2946 188 3027 homo,
202 2952 279 3005 terra
292 2953 320 3005 ot
336 2950 408 3005 einis
424 2951 557 3019 existens,
574 2955 602 3006 et
615 2950 678 3022 pul·
732 2948 789 3005 tius
805 2947 906 3004 modus
919 2947 1044 3027 pertinet
1056 2945 1094 3001 ad
1118 2946 1268 3018 praelatos,
1282 2961 1324 3019 qui

90 3031 132 3073 iis
147 3025 175 3074 et
185 3020 285 3085 lutum,
300 3020 410 3078 extollis
421 3024 555 3094 teipsum,
576 3026 604 3078 et
616 3037 678 3079 ma·
733 3021 830 3078 lavare
844 3020 950 3076 debent
962 3018 1142 3075 remittendo
1158 3023 1326 3090 peccataau·

91 3103 147 3159 gna
162 3092 254 3164 sapisl
272 3095 342 3150 Eece
357 3099 493 3176 qnantum
510 3094 637 3178 exemplo
648 3098 680 3176 et
734 3094 864 3150 ctoritate
879 3088 1010 3174 clavium.
1034 3091 1176 3173 llostruin
1194 3095 1241 3148 est
1254 3105 1325 3173 ergo.

93 3163 180 3219 verbo
202 3181 250 3220 eos
267 3165 303 3221 ad
325 3165 514 3223 humilitatem
539 3170 678 3236 invitavit,
735 3164 860 3222 donante
873 3165 1005 3231 Domino,
1019 3167 1221 3221 ministerium
1235 3166 1327 3220 carita·

92 3236 120 3287 et
130 3233 333 3295 doctrinaesuae
349 3237 383 3294 de
399 3237 560 3295 humilitate
572 3238 678 3296 facturn
735 3236 782 3306 tis,
799 3241 828 3293 et
841 3232 1007 3292 humilitatis
1019 3231 1184 3305 adhibere;
1200 3234 1279 3292 illius
1290 3236 1327 3291 est

92 3307 120 3382 ot
132 3308 289 3378 exemplum
306 3309 475 3367 humilitatis
507 3309 636 3379 raemisit,
651 3316 680 3366 et
735 3308 881 3377 exaudire,
898 3322 932 3364 ac
959 3320 1011 3362 nos
1037 3305 1073 3362 ab
1093 3306 1176 3363 omni
1193 3303 1326 3363 contami·

90 3387 121 3428 ni
137 3326 545 3457 hoetconienieutemmoifum
558 3382 678 3438 ducendi
734 3380 850 3437 natione
859 3383 1039 3461 peecatorum
1047 3377 1206 3436 mundare.
1214 3376 1326 3443 Delude,

90 3447 225 3515 ostendit,
239 3451 395 3506 secundnm
410 3453 503 3508 illud:
532 3454 617 3524 Cupit
633 3455 678 3510 Je-
735 3452 812 3524 quod
838 3452 907 3508 dixit
925 3450 1056 3522 sequenti
1083 3449 1212 3521 praemio
1231 3449 1325 3506 conllr

88 3530 136 3570 sus
146 3519 239 3584 siucero
249 3527 275 3576 et
291 3521 394 3577 docere.
406 3521 457 3577 llio
470 3521 556 3578 eliani
566 3522 679 3595 aperuit
733 3531 803 3593 mat,
820 3522 916 3580 dicens
932 3539 938 3577 :
960 3524 992 3578 Si
1011 3522 1068 3576 lieo
1081 3523 1174 3585 scitis,
1194 3536 1261 3594 quie
1277 3518 1324 3578 leci

90 3587 145 3644 hoc
156 3591 232 3662 quod
243 3593 326 3649 Petro
337 3590 407 3648 dixit
419 3610 426 3649 z
440 3595 514 3650 Solos
524 3599 614 3649 autom
625 3611 677 3666 po·
733 3599 761 3653 et
786 3596 886 3658 doceo,
904 3594 976 3649 beuti
994 3594 1083 3663 eritis,
1098 3592 1148 3649 hie
1163 3592 1198 3650 in
1220 3596 1325 3667 spe,et

91 3666 159 3718 steu.
172 3664 250 3721 Unde
264 3666 304 3721 ait
316 3665 490 3733 dupustiuus
503 3682 510 3721 :
525 3668 675 3736 «iturust,
733 3669 761 3722 in
776 3667 870 3724 luturo
885 3664 916 3721 in
930 3680 972 3733 re,
990 3667 1016 3720 si
1029 3666 1157 3732 seruilis
1176 3681 1224 3737 eu,
1240 3666 1323 3739 quia:

91 3732 173 3815 beate
189 3738 283 3808 Petre,
299 3738 375 3809 quud
388 3737 544 3809 nesciebas,
561 3754 624 3795 cum
645 3740 677 3794 ti·
700 3768 703 3825 p
731 3741 811 3794 ilenti
824 3741 873 3810 qui
887 3737 1007 3793 audiunt
1025 3736 1140 3792 uerbum
1155 3740 1222 3807 Dei,
1236 3744 1263 3795 et
1279 3753 1325 3794 oii-

89 3805 118 3862 bi
135 3807 230 3867 lavare
243 3811 330 3883 pedes
343 3825 400 3866 non
417 3810 543 3879 sinebas,
559 3813 612 3867 boe
624 3809 675 3867 tibi
731 3812 855 3867 studiant
867 3809 959 3877 illud3
981 3810 1010 3864 et
1027 3824 1034 3863 ε
1058 3809 1226 3867 Intellectus
1248 3810 1326 3867 bom

88 3884 187 3957 postea
201 3883 348 3939 sciendum
362 3881 502 3953 promisit,
520 3883 633 3954 qnando
644 3888 677 3939 ut
729 3883 898 3951 facientibus
916 3897 958 3937 eu.
975 3877 1052 3937 Scire
1067 3879 1147 3936 enim
1162 3881 1326 3953 bonnm,et

82 3963 199 4030 sineres
208 3953 343 4012 terruitte
355 3953 490 4026 Magister
499 3959 576 4022 tuus,
586 3961 614 4011 et
623 3957 677 4012 Do·
731 3971 789 4011 non
802 3956 906 4025 lucere,
918 3967 976 4009 non
986 3948 1113 4024 pertinet
1123 3952 1162 4009 ad
1175 3950 1326 4012 beatitudi-

90 4027 370 4084 minustuuslaians
402 4026 554 4083 edestuos.
570 4026 676 4083 Didici·
730 4043 807 4094 nem,
832 4022 883 4083 sed
909 4025 946 4082 ad
969 4024 1260 4097 condemnationem,
1280 4040 1324 4083 se-

89 4106 163 4174 mus,
176 4098 288 4167 l'ratres,
299 4043 400 4156 humi?
731 4099 855 4155 eundum
873 4096 943 4154 illud
959 4119 966 4155 ε
983 4098 1087 4154 sumu
1114 4097 1222 4156 bouum
1236 4104 1264 4156 et
1277 4110 1326 4155 nou

92 4162 674 4242 laniamusiniieemhumilesquodhumi-
730 4173 857 4241 facienti,
870 4173 1013 4242 peecatum
1034 4172 1075 4223 esi
1100 4169 1159 4227 ilii.
1184 4170 1270 4229 Unde
1289 4168 1326 4228 ait

91 4232 156 4298 litor
165 4240 230 4297 lecit
240 4243 368 4299 Excelsus
378 4262 384 4302 :
395 4265 409 4294 i
419 4245 479 4301 liaeo
489 4244 673 4313 Augustinus.
732 4244 938 4314 chrysostomus
951 4259 960 4296 ε
974 4258 987 4293 u
1001 4238 1154 4297 Beatitudo
1165 4256 1230 4299 non
1242 4256 1324 4315 cupii·

124 4327 159 4372 uo
170 4313 267 4370 ldoous
281 4331 407 4372 ixrnnnoi
422 4332 582 4374 insomnii
593 4316 675 4372 lloiix·
731 4313 806 4371 latur
823 4329 887 4371 euin
899 4309 1031 4382 seientia,
1047 4311 1098 4369 sed
1113 4327 1181 4373 cum
1199 4330 1289 4389 opere
1299 4315 1324 4371 et

87 4399 116 4440 iii
131 4399 291 4477 uxnomoiiii
304 4403 445 4444 insum-
455 4391 496 4445 lld
513 4389 636 4446 litteram
646 4392 676 4444 at
731 4385 838 4443 lumino
849 4383 976 4444 scientie
986 4401 993 4444 :
1003 4402 1018 4438 o
1029 4384 1315 4457 nocturniacum

392 4102 489 4156 itatem
497 4099 532 4154 ali
544 4098 673 4171 Excelso;
