2820 4928
131 323 178 380 tis

133 434 154 490 si
176 451 232 491 non
248 450 346 492 omnes
364 434 422 490 sint
437 450 493 491 uno
513 439 652 505 tempore,
670 438 720 489 ta-
745 438 748 523 Ι

439 325 599 380 siculos
626 325 746 382 ciniis
773 327 879 382 ciret
907 330 1071 385 xxxiiii

778 437 886 493 bonum
895 442 1152 505 congregarem:
1163 437 1292 511 dispergit
1300 440 1354 496 eiiii

133 504 718 577 menomnessuntunumcorpusdiaholi.
779 507 920 577 diabolus,
940 504 1094 581 dispergit
1121 514 1258 581 mundus,
1274 512 1355 582 dispec-

171 609 198 645 ii
220 588 325 644 euim
350 588 721 644 nmir1sieiusiiii.-
745 556 748 633 Ι
777 580 818 652 cit
832 582 958 639 carnalis
972 583 1123 652 enectus,
1143 584 1357 657 dispergentes·

133 659 252 728 Deinde,
279 657 419 716 convertit
436 675 599 717 sermonem
615 655 721 731 specia-

130 731 196 789 liter
212 732 248 787 ad
274 731 455 802 metropolim
476 730 620 789 civitatem
635 734 719 788 leru-

128 802 227 871 salem,
243 802 272 860 in
283 819 338 875 qua
351 810 434 860 erant
445 805 536 876 magis
552 803 718 873 culpabiles,
744 834 747 861 i

775 658 893 710 latores.
911 655 966 712 Sed
981 656 1140 713 Dominus
1152 658 1215 715 vult
1228 672 1357 728 conpres-

776 742 808 807 re
822 723 852 808 iii
866 725 1013 810 unitatem
1032 728 1120 799 fidei,
1137 729 1170 786 in
1194 729 1319 787 unitatem
1329 745 1358 785 ca·

776 801 881 866 citatis,
893 815 922 854 in
937 806 1089 858 unitatem
1107 818 1246 874 supernae
1257 801 1357 858 civitais

130 891 193 933 eam
209 873 247 945 pii
263 875 350 943 patris
378 876 479 933 allectu
499 876 674 949 plangendo,
691 877 720 931 et
744 878 747 933 l
777 869 908 941 Sequitur
922 872 1196 938 :Quemadmodum
1204 876 1305 943 patrm
1315 890 1358 930 eoa·

129 964 163 1005 ei
177 949 232 1004 boc
244 947 389 1005 auditores
405 948 574 1015 erudiendo,
591 946 691 1004 dicens
709 962 717 1001 z
745 1006 746 1017 Ι

128 1021 292 1084 Jerusalem,
307 1023 471 1089 Jerusalem,
490 1020 650 1077 leriisalom
663 1036 720 1075 vo-

131 1096 177 1149 cat
194 1092 381 1161 habitatores,
400 1109 457 1149 non
476 1092 599 1149 aeilili'cia
619 1089 719 1147 civita·

132 1163 177 1233 tis,
191 1166 324 1236 ponendo
337 1165 487 1221 continens
500 1181 550 1234 pro
567 1170 718 1231 contento;

133 1243 163 1294 et
177 1235 330 1307 alloquitur
344 1236 390 1293 bie
404 1237 541 1308 populum
558 1235 719 1303 ludoicum,

135 1309 187 1366 sub
212 1308 326 1366 nomine
345 1307 466 1366 civitatis
483 1308 720 1391 metropolitanae.

38 1388 44 1397 '
135 1379 295 1438 Gemiuatio
311 1398 378 1437 vero
399 1383 482 1453 hujus
504 1382 581 1438 verbi
603 1383 720 1436 Jerusa-

136 1454 198 1515 lem,
216 1453 372 1509 miserantis
387 1457 440 1520 est,
459 1458 487 1509 et
506 1451 650 1509 miseriam
665 1468 720 1507 vo-

95 1578 103 1589 ,
135 1523 237 1592 cantis,
253 1541 287 1580 ae
311 1525 393 1581 valde
418 1524 581 1595 diligentis3
600 1524 655 1589 vel,
671 1539 720 1594 ge·

132 1595 223 1652 minat
231 1601 348 1667 propter
359 1597 556 1652 vehementem
568 1597 722 1666 reprehen-

131 1666 251 1729 sionem.
265 1672 292 1723 et
309 1668 448 1736 maJorem
464 1668 719 1737 eiprobationem3

131 1737 186 1806 vel,
204 1737 271 1809 quia
290 1739 407 1794 Sanctos
429 1738 597 1810 affligebant
621 1737 722 1810 dupli-

131 1808 202 1866 citer
221 1826 228 1864 :
250 1814 278 1865 et
298 1807 497 1880 corporaliter,
518 1817 548 1867 et
565 1807 721 1881 spirituali-

130 1886 184 1938 ter.
198 1883 263 1949 Qitae
276 1883 380 1938 occidis
394 1885 558 1954 Prophetas,
569 1881 722 1938 Dominum

135 1956 221 2011 etiam
235 1955 442 2027 Prophetarum
459 1972 522 2012 moi
535 1954 681 2021 occisura;
698 1959 724 2009 et

137 2027 314 2098 lapidasses,
335 2030 385 2098 qui
399 2028 437 2083 ed
450 2034 487 2096 te,
508 2027 535 2084 id
554 2032 607 2096 est,
624 2026 672 2098 qui
687 2025 724 2081 ad

136 2103 215 2155 tuam
230 2099 382 2156 utilitatem
409 2105 437 2156 et
452 2099 678 2166 instructionem,
697 2102 725 2153 et

138 2171 176 2227 ad
201 2169 407 2243 increpandum
435 2172 543 2227 scelera
567 2177 626 2239 tua,
646 2172 726 2226 missi

139 2246 214 2298 sunt.
226 2242 292 2297 ideo
308 2241 471 2298 incurabilis
485 2248 529 2298 est
545 2242 639 2313 plaga,
657 2241 726 2313 quia

138 2328 188 2367 eos
203 2311 313 2381 abicis,
327 2313 375 2384 qni
391 2312 442 2369 tibi
456 2313 577 2371 salutem
590 2314 724 2370 olierunt.

138 2382 219 2464 Unde
234 2329 440 2451 ilbcpsostomus
455 2403 461 2441 :
479 2403 494 2438 c
510 2385 656 2452 Quomodo
674 2401 726 2442 sa-

140 2470 308 2526 necisque
329 2454 439 2513 nullum
465 2457 501 2514 ad
530 2460 558 2512 te
584 2456 726 2513 medicum

137 2526 288 2600 pervenire
318 2527 483 2596 permittis?
511 2527 622 2586 Sanctis
655 2528 727 2586 meis

138 2614 197 2655 non
219 2599 345 2672 peperci,
360 2605 390 2657 ut
415 2599 466 2656 tibi
488 2616 636 2672 parcerem
660 2617 726 2673 pec·

139 2670 248 2728 eatrioi.
284 2672 400 2730 lllorum
428 2672 516 2729 vitam
540 2672 662 2742 neglexi,
690 2688 726 2729 ne

140 2748 262 2801 mortem
289 2751 368 2801 tuam
387 2743 525 2801 riderem.
540 2745 644 2801 Omnes
659 2760 727 2801 me-

138 2814 193 2873 dici
204 2815 368 2887 spirituales
382 2814 412 2873 in
424 2822 450 2874 te
461 2817 638 2884 deiecerunt,
652 2821 681 2873 et
695 2821 727 2872 tu

139 2892 238 2945 curata
258 2904 318 2945 non
341 2905 383 2946 es.
405 2887 484 2945 Side
502 2893 593 2945 morte
613 2895 662 2945 tna
676 2903 727 2959 ga·

139 2959 215 3017 visus
236 2958 364 3029 inissem,
382 2976 540 3032 numquam
557 2960 594 3016 ad
619 2965 646 3017 te
673 2959 727 3016 mi·

139 3034 239 3090 sissem
262 3033 429 3104 Prophetas.
446 3034 473 3090 St
490 3038 518 3090 te
539 3033 659 3101 perdere
675 3048 727 3088 vo-

141 3103 727 3177 luissem,numquamadteipsevenissem.

139 3174 212 3243 Quid
236 3192 289 3246 ego
314 3176 437 3248 amplius
454 3175 566 3245 faciam,
583 3177 605 3233 si
623 3183 651 3233 tu
667 3175 729 3248 ipsa

142 3245 238 3303 vivere
252 3264 310 3303 non
324 3248 384 3305 vis?
402 3270 416 3300 »
432 3250 493 3306 haec
509 3250 727 3317 chrysostomus.

142 3317 243 3375 Subdit
259 3335 326 3391 ergo
342 3337 348 3375 :
366 3321 475 3388 Quoties
497 3323 594 3389 volui,
610 3337 662 3391 ego
680 3318 729 3393 qui

143 3393 264 3444 mortem
281 3394 435 3458 peccatoris
453 3392 529 3456 nolo,
540 3408 593 3463 ego
607 3392 656 3464 qui
667 3408 728 3449 oni·

142 3474 192 3514 nes
203 3466 366 3530 peccatores
381 3463 490 3519 salvare
506 3463 581 3531 volo,
597 3480 656 3520 non
670 3464 729 3534 qui·

142 3531 207 3586 deni
227 3532 315 3587 semel
341 3532 386 3587 iel
414 3532 467 3600 bis,
492 3532 542 3588 sed
559 3535 728 3592 multoties:

140 3599 243 3674 primo,
257 3618 308 3672 per
330 3602 423 3671 legem
439 3608 568 3669 naturae3
589 3607 728 3677 secundo,

139 3689 191 3748 per
202 3676 304 3746 Legem
318 3675 487 3748 Scripturie;
504 3678 599 3745 tertio,
612 3693 662 3749 per
681 3679 729 3735 Le-

138 3763 204 3831 geni
220 3747 336 3819 gratim
351 3750 419 3805 item
438 3751 464 3806 iii
480 3765 565 3807 mane
584 3750 728 3822 pueritiae,

138 3836 169 3878 in
186 3821 271 3877 tertia
293 3821 506 3891 adolescentiae,
527 3821 555 3878 in
579 3830 658 3880 sexta
679 3824 728 3894 ju-

138 3892 273 3962 ventutis,
286 3892 315 3950 in
336 3908 412 3950 nona
438 3896 604 3964 senectutis,
620 3894 648 3951 in
673 3911 728 3952 ve-

140 3981 222 4037 spere
249 3963 401 4037 decrepitae
429 3968 532 4035 aetatis,
564 3983 729 4036 conprepore

143 4037 196 4093 sub
211 4037 287 4095 cultu
303 4037 386 4095 unius
402 4037 452 4095 Dei
473 4054 524 4110 per
546 4037 633 4095 iidem
644 4043 671 4096 et
684 4056 729 4097 ca·
753 4054 756 4061 ’

145 4107 270 4175 ritatem,
288 4112 361 4180 tilios
380 4115 451 4175 tuos,
472 4108 579 4167 seilicet
602 4111 728 4183 ludaeos,

144 4180 395 4262 predicationibus
408 4183 617 4313 Prophetarum
632 4187 661 4239 et
675 4182 727 4241 mi-

145 4252 302 4323 iacuisset
315 4259 343 4312 te
354 4254 423 4313 inihi
438 4271 456 4314 a
474 4257 593 4328 jungere
608 4254 727 4314 otmeis.

148 4323 229 4382 Multi
243 4328 311 4384 sunt
328 4327 515 4403 dispersores,
530 4327 581 4388 sod
591 4326 672 4403 pauci
690 4328 728 4388 ad

776 948 872 1012 propat
884 945 978 1013 pullos
992 961 1062 1001 suos
1077 948 1136 1002 sub
1148 949 1231 1013 etus3
1244 946 1317 1019 ponit
1327 961 1357 1001 ei·

776 1014 900 1082 emplum
914 1014 950 1072 de
962 1016 1091 1087 gallina,
1109 1019 1150 1075 ad
1173 1017 1357 1076 ostendendis

777 1087 912 1143 affectum
924 1104 1010 1145 suum
1023 1090 1064 1146 ad
1084 1092 1245 1163 populum,
1258 1090 1318 1163 quia
1329 1088 1358 1144 ii·

777 1163 820 1215 ter
835 1159 905 1214 alins
918 1175 998 1229 ares,
1007 1159 1134 1219 videtur
1148 1164 1246 1235 magis
1259 1160 1358 1218 alliciat

777 1229 961 1288 nutritionem
975 1239 1006 1288 et
1016 1236 1283 1292 conservationem
1291 1233 1356 1306 pullo

776 1318 854 1384 rum,
865 1307 924 1360 teni
941 1319 1085 1375 maguum
1101 1310 1187 1364 enim
1203 1308 1326 1364 allectum
1337 1305 1357 1361 ii

777 1374 850 1430 filios
863 1376 1000 1442 habet,ut
1011 1393 1124 1435 eorum
1135 1378 1357 1437 infirmitateatie

777 1452 821 1502 cta
833 1446 996 1504 infirmetur
1008 1456 1037 1505 et
1053 1450 1175 1522 ipsa,et
1192 1468 1245 1509 eos
1254 1451 1303 1508 alis
1313 1466 1357 1515 oio-

779 1522 807 1575 te
817 1534 898 1602 gens,
913 1524 1016 1602 eontra
1025 1522 1155 1580 milvum
1167 1532 1286 1597 pugnet.
1295 1523 1330 1581 Sic
1342 1526 1361 1577 et

777 1593 827 1673 liei
836 1596 976 1662 sapientia
984 1608 1036 1664 per
1050 1595 1156 1652 carnis
1170 1595 1358 1667 susceptionem

777 1663 924 1743 infirmata
941 1665 1072 1736 protegit
1088 1684 1159 1737 iios,
1177 1672 1208 1725 et
1223 1666 1359 1724 deiendita

779 1735 902 1804 diaholo,
918 1752 951 1792 ae
981 1741 1076 1795 nutrit
1105 1746 1135 1795 et
1156 1745 1308 1798 consecrat
1323 1753 1359 1794 sui

779 1805 880 1888 gratia.
896 1811 932 1864 lit
945 1811 1076 1890 nolaisti,
1097 1810 1237 1894 quinimo
1259 1809 1360 1883 neglexi·

781 1884 827 1948 sti,
841 1879 1049 1949 contradixisti,
1065 1889 1096 1939 et
1112 1883 1302 1956 impedis-isti,
1314 1882 1362 1954 quii

782 1953 970 2021 Prophetasa
990 1954 1050 2009 Deo
1075 1956 1199 2024 missos,
1217 1962 1312 2022 postea
1327 1957 1361 2011 le

781 2038 885 2080 annem
910 2023 1080 2095 baptistam,
1106 2034 1139 2085 et
1163 2028 1268 2085 ultimo
1289 2026 1362 2084 bomi-

782 2111 850 2151 num
866 2100 995 2152 nostrum
1005 2099 1107 2155 lesum
1121 2100 1275 2157 Christum
1287 2100 1363 2171 eteius

782 2166 934 2240 discipulos
949 2173 1203 2242 contempserunt,
1218 2171 1277 2229 imo
1287 2180 1314 2227 et
1328 2186 1363 2226 oc·

783 2239 922 2297 ciderunt.
937 2241 977 2297 Ac
991 2242 1015 2296 si
1030 2242 1057 2299 ei
1068 2243 1185 2301 diceret
1201 2263 1209 2301 ε
1225 2247 1283 2315 Ego
1294 2242 1364 2307 volui,

782 2312 832 2368 sed
844 2317 875 2368 tu
892 2311 1022 2382 noluisti;
1039 2330 1094 2385 ego
1123 2317 1206 2388 quod
1227 2332 1320 2373 meum
1331 2320 1363 2370 est

782 2384 847 2466 ieci,
864 2383 913 2440 sed
928 2387 958 2439 tu
975 2385 1051 2455 qnod
1071 2391 1156 2444 tuum
1175 2395 1242 2445 erat
1260 2405 1313 2445 non
1332 2387 1363 2443 te·

783 2461 863 2524 cisti;
880 2471 944 2538 ego·
957 2471 1010 2528 pro
1033 2463 1085 2516 tua
1099 2459 1198 2517 salute
1224 2461 1364 2532 Prophetes

783 2527 820 2583 ad
841 2532 869 2583 te
882 2527 957 2595 misi,
982 2529 1032 2585 sed
1054 2534 1087 2587 tii
1109 2546 1164 2588 eos
1191 2531 1363 2595 interfecisti;

785 2614 838 2725 eg?
854 2598 933 2681 adte
946 2599 1090 2682 ipseveni,
1105 2608 1138 2659 et
1150 2608 1242 2661 tuine
1257 2603 1364 2676 recipere

784 2676 911 2728 nouisti.
934 2673 996 2729 Tibi
1024 2689 1039 2729 e
1075 2690 1092 2730 o
1122 2673 1325 2747 imputandum
1345 2678 1365 2730 et

784 2749 840 2824 tuae
856 2742 982 2808 malitie,
991 2689 1248 2813 quoiiveniumm
1260 2754 1311 2812 est,
1322 2761 1365 2803 noi

784 2813 864 2871 mibi.
889 2815 910 2871 0
925 2815 1037 2887 quoties
1051 2834 1103 2874 iios
1124 2818 1269 2878 admonet
1283 2822 1363 2876 Deus:

784 2886 869 2943 modo
882 2886 1039 2958 blanditiis,
1058 2889 1148 2948 modo
1169 2888 1363 2964 increpationi-

784 2959 847 3026 bus,
871 2974 945 3015 nuno
965 2958 1015 3023 sie,
1040 2977 1118 3018 nuno
1148 2962 1213 3025 sio:
1235 2970 1264 3021 et
1280 2974 1361 3036 panim

784 3030 976 3112 advertimusl
1001 3034 1035 3088 Et
1058 3032 1124 3091 ideo
1145 3035 1233 3094 valde
1253 3032 1360 3093 timendi

785 3107 828 3159 est
842 3103 926 3159 nohis
938 3120 1024 3175 poena
1037 3120 1102 3176 quae
1117 3106 1264 3179 sequitur.

824 3194 854 3231 ia
871 3177 981 3233 Duriui
1001 3194 1079 3235 ruiis
1093 3195 1112 3234 ii
1137 3179 1263 3238 Cuiusro
1278 3195 1358 3237 iimi-

785 3262 857 3303 eri:
876 3264 1022 3306 subversio
1042 3267 1176 3308 civtmis
1204 3271 1240 3309 er
1270 3267 1358 3308 mimi

786 3336 983 3377 piisimo-
999 3323 1128 3379 Tandem
1142 3323 1233 3394 enini,
1243 3323 1358 3381 Dominis

786 3407 819 3447 ei
841 3391 989 3465 multiplici
1004 3409 1103 3451 eorum
1121 3395 1218 3466 culpa,
1241 3392 1356 3466 multipli-

786 3478 848 3520 cem
867 3463 952 3521 etiam
973 3463 1014 3521 eis
1034 3466 1233 3525 comminatur
1252 3479 1356 3540 poenan.

787 3534 893 3601 Primo,
903 3537 1101 3608 temporalem,
1116 3555 1205 3610 quom
1221 3541 1284 3612 plus
1296 3539 1357 3593 tinie-

785 3607 856 3664 bant
872 3612 901 3664 et
915 3625 1029 3680 semper
1042 3609 1251 3680 formidabant,
1264 3612 1356 3667 subice

784 3678 894 3737 sionem
908 3680 1016 3737 seilicet
1029 3681 1165 3752 civitatis
1175 3690 1207 3741 et
1219 3682 1311 3756 templi
1322 3680 1355 3737 de

784 3754 950 3822 sectionem,
971 3753 1068 3810 dicens
1085 3771 1092 3811 ε
1109 3758 1179 3812 lieee
1204 3758 1355 3826 relinquere

783 3824 860 3879 vobis
870 3827 954 3882 alteo
967 3826 1172 3897 demusoestra,
1186 3827 1355 3884 seilicetten·

782 3897 861 3968 plum
876 3901 904 3954 et
916 3897 1014 3954 civitas
1029 3898 1150 3963 deserte,
1167 3899 1237 3972 quia
1253 3915 1299 3971 per
1309 3899 1353 3975 llo·

784 3982 884 4025 munos
893 3969 1161 4029 ineruntdestructa
1171 3988 1178 4041 3
1190 3973 1302 4029 deserta
1311 3982 1352 4047 qni

786 4039 851 4097 dem
876 4048 904 4098 et
923 4042 1032 4099 nudata
1048 4042 1154 4100 auxilio
1173 4043 1354 4113 Christique

786 4112 979 4171 habitatorem
993 4113 1138 4173 Christum
1151 4115 1354 4189 reliqueruntic-

786 4184 985 4258 perdiderunt,
996 4184 1355 4260 ethereditatempiaeripert

786 4255 953 4389 ffistientes,
964 4258 1101 4343 heredem
1111 4258 1284 4346 oeciderunt
1299 4258 1355 4340 Erit

827 4335 915 4390 rietus
933 4335 997 4391 erat
1010 4346 1060 4407 qui
1080 4335 1168 4394 antee
1184 4348 1229 4394 eia
1239 4328 1353 4408 prestit-
