2820 4928
84 380 132 434 ise

86 484 235 559 plicantes,
248 495 311 563 quse
325 477 522 551 intelliguntur
535 492 587 550 per
601 475 673 533 tuni·

87 573 160 615 cam.
181 557 224 612 ild
242 554 365 609 litteram
384 558 443 608 vult
456 550 607 606 ostendere
622 553 676 607 llo·

88 626 275 698 minus‚qu0d
290 631 405 697 propter
415 622 578 679 instantiam
588 621 676 678 tribu·

90 703 228 757 latiouum
243 704 272 753 et
286 698 427 752 malorum
439 698 631 767 praesentiam,
642 710 676 750 ae

89 779 205 846 propter
219 768 458 841 exspectationem
469 766 569 838 judicii
580 777 609 822 et
618 782 677 822 ina·

90 856 183 901 lorum
202 844 374 910 luturoruui,
388 857 445 896 non
464 837 575 895 vacabit
591 838 675 894 alicui

89 919 239 973 intendere
252 914 373 986 negotiis
389 910 611 983 teuiporalibus;
626 910 676 966 sed

92 989 194 1045 melius
221 987 354 1058 estquod
379 986 467 1041 salvet
487 983 573 1038 vitam
595 998 677 1038 suam

93 1076 179 1133 quain
194 1074 254 1114 rem
269 1073 440 1131 possessam,
452 1060 480 1111 et
492 1055 597 1126 cogitet
609 1070 677 1126 quo·

93 1136 179 1189 modo
192 1136 323 1187 occurrat
334 1128 443 1186 luiticis
465 1132 676 1196 conspectibus.

94 1204 210 1279 ltpstice
226 1213 322 1259 autem
340 1201 476 1271 distingui
498 1208 613 1271 possent
627 1214 679 1270 per

93 1276 231 1349 praedicta
247 1274 313 1343 tria,
336 1280 393 1329 tres
413 1278 505 1327 stitus
519 1270 677 1327 liouiinom.

96 1352 152 1405 Per
164 1346 281 1418 eosqui
301 1347 329 1401 in
349 1347 449 1402 iudaea
466 1349 540 1415 sunt,
558 1341 680 1415 intelligi

95 1429 189 1493 potest
204 1427 295 1474 status
319 1415 528 1489 incipientium,
551 1415 600 1486 qui
615 1422 678 1471 tan·

94 1502 156 1550 tuni
170 1493 198 1547 iu
209 1489 390 1546 eoul'essioue
407 1486 475 1543 lidci
491 1491 619 1550 manent,
635 1503 680 1542 se-

96 1574 219 1621 cundum
235 1563 304 1617 illud
318 1558 448 1632 Apostoli
466 1575 472 1613 :
493 1562 579 1615 Corde
592 1561 681 1614 eredi-

96 1644 142 1692 tur
159 1636 197 1689 ed
210 1635 364 1703 justitium.
382 1636 436 1688 Per
449 1630 521 1699 illes,
537 1632 585 1700 qui
602 1646 630 1685 in
644 1639 683 1685 te·

95 1718 140 1765 cte
167 1710 243 1773 sunt,
264 1710 353 1759 status
383 1702 604 1774 proficientium,
633 1703 681 1773 qui

95 1781 155 1853 jam
175 1791 261 1847 supra
283 1791 410 1843 caruem,
429 1790 492 1844 quie
511 1781 554 1829 est
578 1774 682 1829 domus

97 1851 211 1918 animae,
225 1864 311 1927 supra
327 1847 478 1914 mundum,
495 1846 543 1917 qui
559 1851 601 1901 est
626 1846 683 1900 do-

97 1940 161 1982 mus
172 1926 335 1991 bominum,
352 1936 439 1993 supra
452 1934 559 1983 aerem,
581 1916 684 1989 quiesi

97 1991 685 2061 domusdaemonum,ascenderuut,secuu·

99 2070 166 2126 dum
186 2068 257 2125 illud
271 2066 427 2122 Psuluiistae
443 2081 450 2120 :
468 2068 504 2120 lit
518 2068 611 2132 sectas
624 2078 684 2118 som

97 2134 684 2212 sieutpesscrsolitori'usintectol’erillos,

101 2230 150 2285 qui
166 2213 194 2268 iu
208 2226 278 2282 agro
291 2215 364 2276 sunt,
379 2216 468 2264 status
483 2210 684 2278 perlectorum,

102 2285 151 2355 qui
167 2284 195 2338 in
211 2298 240 2336 se
260 2280 376 2351 perlecti
389 2282 449 2350 jam
462 2279 534 2334 alios
547 2282 685 2351 perlicere

99 2360 250 2422 conantur,
271 2352 425 2407 secuudum
456 2349 525 2406 iilud
552 2353 684 2406 Cantico-

100 2443 164 2483 rum
185 2424 390 2494 :Epredi'aiiior
402 2427 431 2477 iii
447 2438 555 2491 aprum.
574 2426 685 2479 Secun-

101 2502 169 2556 dum
184 2502 256 2566 liaee,
272 2496 376 2568 triplex
397 2500 441 2551 est
463 2494 613 2551 censiiium
635 2494 686 2550 ad·

101 2569 277 2630 monitionis.
291 2566 393 2624 Primis
407 2566 484 2624 enim
498 2567 582 2625 datur
592 2566 686 2622 cousi-

105 2648 176 2703 lium
191 2641 364 2701 ascendendi
383 2642 419 2696 ad
446 2645 572 2710 moutes3
594 2637 635 2694 sie
659 2644 689 2695 et

103 2720 151 2790 qui
163 2719 193 2774 in
207 2718 305 2773 ludiea
316 2719 393 2778 sunt,
401 2713 429 2769 id
438 2722 480 2768 est
490 2711 520 2767 in
533 2709 687 2768 conl'essie·

103 2784 689 2860 uelidei,licetadbueimperl'ecti,ludtea

104 2864 181 2920 enim
197 2864 330 2931 eoat'esst'o
352 2858 565 2931 iuterpretatur,
580 2858 689 2927 l'ugiant

104 2939 140 2994 ad
152 2944 264 2992 montes
277 2940 408 3001 aeternos,
418 2940 445 2986 id
463 2936 505 2986 est
515 2932 550 2985 ad
568 2930 690 3000 Scriptu-

103 3024 151 3065 ras
161 3008 361 3080 Apostolorum
374 3012 458 3076 atque
470 3003 687 3074 l’roplietaruiin

105 3082 161 3151 uel,
177 3083 214 3136 ad
228 3078 353 3135 culmina
373 3078 521 3144 rii-tutum,
536 3081 565 3129 ut
582 3072 688 3127 illumi·

105 3160 244 3209 uentura
268 3154 336 3219 beo,
359 3150 434 3204 unde
463 3145 632 3203 l'salniista:
652 3145 689 3199 ll·

107 3228 246 3280 luiiiiiiuiis
269 3232 299 3278 tii
321 3224 532 3289 riiirobititcr,a
553 3218 690 3273 montibus

103 3300 222 3353 atentia.
257 3293 392 3350 Secundis
424 3293 507 3347 datur
540 3288 689 3346 consilium

108 3385 163 3423 uon
179 3365 369 3421 descendendi
384 3381 391 3432 ;
405 3380 444 3419 sic
457 3373 485 3418 et
498 3362 545 3433 qui
560 3363 588 3417 iu
604 3369 689 3429 lecto,

108 3438 194 3493 idest
211 3438 258 3507 qui
279 3452 374 3491 aiuuio
393 3434 502 3503 excedit
525 3449 641 3489 caruem
662 3439 690 3487 et

106 3510 256 3578 uiuiiduiu,
271 3524 322 3579 per
342 3506 484 3562 colestem
501 3507 690 3559 comessatio·

106 3600 181 3650 ueni,
198 3598 256 3637 nou
279 3580 433 3635 descendet
457 3576 556 3631 tollere
580 3574 689 3645 aliquid

104 3658 140 3713 de
157 3666 240 3711 doino
258 3668 320 3721 sua,
342 3656 369 3705 id
389 3656 430 3704 est
449 3664 506 3703 nou
523 3647 641 3702 inclinet
659 3662 689 3702 se

106 3733 142 3786 ail
159 3726 285 3785 carnalia
304 3722 456 3791 desideria,
472 3737 525 3776 uec
539 3722 638 3776 redeat
653 3721 690 3775 ad

105 3808 184 3861 actus
194 3800 320 3873 pristinae
332 3793 558 3851 coiiicrsatioiiis
570 3792 689 3848 inunda-

106 3892 160 3945 nte,
180 3872 336 3930 secuudum
356 3868 425 3922 illud
447 3865 595 3937 Apostoli:
618 3872 690 3922 dui·-

104 3953 149 4002 iiis
164 3962 257 4001 cui-oiii
272 3960 305 3998 ue
331 3942 462 4009 [ceciitis.
482 3938 582 3992 'l'ertiis
607 3937 692 3992 datur

105 4020 254 4074 eonsilium
271 4031 327 4071 non
348 4011 507 4068 revertendi
522 4027 528 4076 ;
545 4009 586 4063 sie
599 4020 628 4063 et
643 4007 691 4079 qui

106 4091 135 4146 iii
150 4108 230 4161 agro,
244 4091 272 4145 id
288 4084 393 4157 estqui
409 4088 543 4156 operatur
554 4081 583 4135 in
598 4083 690 4135 Eccle-

105 4162 158 4230 sia,
172 4171 243 4218 sicut
260 4164 309 4215 bos
323 4176 350 4213 iu
364 4174 431 4229 agro
443 4152 566 4221 lloniini,
578 4168 635 4207 non
650 4168 692 4207 re·

107 4241 234 4289 vertatur
248 4233 347 4287 tollere
363 4228 487 4286 tunicam
503 4241 593 4289 suani,
607 4224 635 4279 id
649 4228 693 4279 est

106 4320 167 4360 rem
183 4304 307 4375 aliquam
322 4302 508 4375 temporalem
521 4314 578 4370 qua
596 4313 626 4352 se
643 4313 691 4352 ei·-

108 4377 159 4445 ult,
186 4382 216 4429 ut
243 4378 336 4430 nudus
363 4379 472 4432 nudum
491 4371 634 4429 Christum
649 4384 691 4425 se·

457 369 614 426 sedubunt
641 368 765 427 lintis
791 367 896 426 CAPUT
926 366 975 425 XL

731 484 844 553 quatur,
854 478 1023 536 seeundum
1042 474 1120 534 illud
1135 474 1316 534 canticorum:

729 556 896 634 Respotieei
908 568 954 608 me
968 554 1076 608 tunice
1090 566 1167 606 men.
1183 550 1318 607 secundun

730 640 807 682 euim
822 628 1035 696 depositorem,
1054 626 1088 680 in
1107 620 1320 679 tribulationibus

730 702 889 755 cavendum
907 703 963 768 est,
980 714 1023 754 ne
1040 695 1205 769 quisquam
1219 694 1321 750 derictn

731 770 766 827 ad
792 771 939 829 carnalem
959 770 1059 825 vitam
1077 770 1116 824 de
1133 766 1274 839 spirituali
1285 782 1321 821 sn·

733 841 873 904 blimitate
897 841 1088 909 descendat;
1111 850 1168 896 aut
1187 839 1235 910 qui
1250 838 1322 910 prole·

733 926 811 976 cerat
828 918 857 972 iu
873 914 1031 971 anteriora
1044 928 1079 971 se
1100 912 1271 980 extendens,
1285 916 1322 966 de·

733 990 854 1048 liciendo
871 987 901 1042 iu
918 987 1092 1057 posteriora
1105 990 1256 1056 respiciat.

769 1064 938 1130 dQuessiii
965 1075 1048 1114 uxon
1076 1059 1161 1119 Lora
1189 1070 1271 1111 aerae
1292 1070 1323 1109 nr

734 1152 852 1193 seicinns
881 1130 1006 1187 sienae?
1035 1160 1070 1172 -
1101 1131 1139 1184 Et
1175 1129 1247 1184 bene
1273 1126 1323 1181 diiit

755 1212 809 1265 uod
823 1221 879 1261 non
893 1214 939 1259 est
952 1202 1177 1259 revertendum
1194 1207 1276 1267 retro,
1286 1213 1321 1270 per

734 1227 875 1338 delectum
891 1274 1132 1347 perseverantiae
1153 1273 1187 1328 iu
1206 1274 1289 1337 bouo;
1303 1278 1348 1324 ete

736 1360 766 1408 ut
779 1354 832 1408 lioc
846 1346 958 1404 l'acitius
972 1346 1110 1417 faciatis,
1121 1360 1253 1400 memores
1264 1348 1323 1397 estoit

735 1427 833 1480 uaeris
846 1423 927 1488 Lolli,
937 1435 1018 1491 quae,
1030 1419 1105 1490 quia
1122 1424 1204 1473 retro
1214 1413 1322 1487 respuit,

736 1504 845 1553 naturae
861 1509 920 1548 suae
935 1506 1047 1547 munus
1063 1490 1210 1563 perdidit.
1226 1486 1322 1559 l'upien

736 1572 813 1626 enim
835 1569 971 1622 satanam
991 1568 1021 1619 et
1038 1566 1218 1632 Sodomam,
1231 1558 1322 1632 perin-

737 1644 954 1711 temperantiam
972 1634 1110 1706 respexit
1125 1650 1173 1703 ea,
1188 1640 1218 1689 et
1234 1638 1323 1687 mortui

737 1719 831 1770 statua
847 1709 916 1765 salis
931 1723 984 1763 seu
1005 1708 1154 1763 columna
1173 1714 1218 1760 est
1232 1704 1322 1759 edecta

738 1784 901 1842 Secundum
911 1778 1050 1836 eumdem
1063 1780 1270 1846 Aepusti'iiuui,
1279 1774 1323 1829 bet

739 1873 809 1913 uxor
823 1855 894 1911 Loth
908 1852 1059 1923 signiticat
1077 1866 1133 1906 eos
1147 1849 1197 1921 qui
1212 1864 1240 1903 in
1253 1846 1323 1903 tribu·

738 1928 845 1984 latione
859 1930 935 1981 retro
947 1922 1131 1994 respiciunt,
1142 1930 1173 1977 et
1185 1936 1204 1977 a
1216 1935 1263 1993 spe
1273 1917 1324 1973 diii

738 2017 784 2057 11ae
800 1995 1001 2070 promissionis
1016 2010 1051 2051 se
1067 1999 1221 2050 avertunt.
1235 1995 1266 2047 Et
1277 1989 1324 2046 idei

740 2077 833 2129 statua
844 2069 911 2125 salis
925 2070 1001 2123 lacta
1020 2071 1079 2136 est,
1095 2075 1130 2122 ut
1144 2066 1274 2136 exemplo
1284 2062 1325 2118 ad-

740 2141 874 2202 mouendi
887 2142 1029 2211 liom'iues,
1047 2154 1089 2195 ne
1104 2137 1218 2195 similia
1232 2134 1325 2199 tactam

740 2221 885 2287 tamquam
901 2210 1018 2268 condiat
1032 2216 1066 2267 et
1086 2211 1208 2267 erudiat
1227 2224 1273 2266 eor
1288 2222 1325 2263 eii·

740 2304 814 2353 rum,
827 2303 863 2342 ne
875 2283 944 2341 latui
960 2288 1044 2339 liant.
1060 2282 1178 2351 Quaerit
1197 2282 1270 2339 idem
1280 2284 1326 2336 du·

739 2364 877 2431 protinus,
888 2371 978 2428 quare
994 2355 1106 2411 mulier
1122 2362 1183 2411 ista
1197 2354 1251 2410 luit
1264 2350 1327 2426 puu'e

740 2440 778 2501 ta,
793 2428 967 2503 respiciendo
981 2433 1011 2483 et
1026 2427 1160 2483 videndo
1172 2426 1326 2489 Sodomitis,

742 2522 799 2561 iieii
820 2508 916 2558 autem
935 2500 1099 2556 Abrabam.
1122 2502 1160 2555 lii
1181 2498 1325 2570 respondet

742 2576 819 2648 quod
834 2573 979 2631 Abrabam
998 2570 1195 2643 respiciebat,
1212 2570 1261 2626 liei
1276 2582 1326 2625 seu·

743 2647 863 2704 tentiam
882 2644 1091 2717 approbaud03
1112 2642 1172 2699 ista
1191 2640 1326 2709 autemid

743 2718 867 2793 pcccatis
881 2732 980 2772 eorum
994 2715 1188 2773 delectando.
1201 2716 1235 2771 Et
1246 2730 1280 2770 ne
1291 2716 1326 2768 be

743 2792 835 2848 mines
845 2790 874 2846 in
888 2788 1092 2861 perseeutione
1107 2793 1193 2844 retro
1208 2784 1327 2860 aspiciant

744 2866 830 2920 iidem
847 2861 989 2935 negando,
998 2868 1027 2915 et
1038 2861 1134 2916 vitain
1146 2862 1254 2916 bonam
1266 2858 1327 2913 dese

744 2937 845 3004 rende,
862 2941 891 2988 ut
908 2933 996 2988 vitain
1013 2932 1209 3003 corporalem
1228 2931 1327 2994 salient,

744 3011 951 3078 cousequenter
987 3005 1184 3061 admonendo
1218 3000 1326 3064 inducit,

744 3081 822 3153 quod
835 3082 1001 3151 puteumque
1010 3080 1163 3147 quaesierit
1175 3075 1218 3133 sic
1227 3077 1326 3131 oniam

744 3152 871 3217 suein,id
879 3160 922 3206 est
934 3152 1020 3204 citam
1031 3150 1326 3221 cei·poralem‚sulin1
1350 3214 1353 3220 Ι

743 3229 847 3293 secere,
872 3224 975 3277 timore
997 3222 1104 3277 mortis
1127 3217 1325 3277 delicieudoin

744 3294 912 3355 diiticliristi
927 3292 1131 3363 tribulatione,
1143 3296 1254 3349 scilicet
1263 3287 1326 3347 mil·

745 3377 819 3426 stum
843 3366 986 3439 negando,
1003 3366 1047 3420 iel
1068 3366 1152 3422 bona
1172 3361 1323 3422 deserendo

745 3448 773 3499 et
788 3449 864 3498 retro
878 3446 913 3495 ad
926 3438 1003 3493 mala
1018 3438 1131 3507 eundo,
1143 3440 1241 3509 perdet
1252 3438 1324 3498 iiten,

745 3515 916 3569 incurrendo
936 3508 1161 3565 damnationem
1188 3516 1323 3571 alemans

744 3594 769 3642 et
781 3590 945 3657 quietemque
955 3596 1131 3652 permaneus
1142 3582 1227 3638 t'eriis
1239 3582 1324 3636 incon

745 3659 868 3714 l'essieue
878 3652 1179 3711 tideiettribulatione
1185 3649 1324 3725 perdiderit

744 3733 834 3798 titum,
849 3729 955 3785 scilicet
977 3740 1105 3780 animam
1132 3741 1228 3793 suam,
1245 3724 1272 3779 id
1290 3722 1324 3775 est

746 3802 832 3857 vitain
851 3797 1039 3871 corporalem,
1058 3795 1211 3853 astimaus
1229 3808 1287 3851 cam
1299 3794 1321 3845 tl

746 3874 893 3930 occisionis
912 3886 1003 3935 orem,
1023 3874 1052 3924 et
1072 3872 1249 3943 praeeligens
1265 3876 1320 3921 mon

747 3962 832 4017 quani
847 3944 947 4000 cadere
961 3958 979 3998 a
994 3943 1051 3996 ilde
1066 3948 1095 3996 et
1110 3944 1231 4011 virtute,
1245 3938 1319 4005 eicit·

747 4020 820 4073 cobet
830 4034 900 4081 eum,
916 4016 943 4070 id
958 4019 1002 4071 est
1016 4013 1074 4069 cita
1088 4021 1202 4070 aeterua
1216 4026 1276 4070 euni
1283 4010 1318 4063 di·

746 4105 832 4163 guam
847 4094 947 4157 l'aeiet3
963 4101 1050 4158 quam
1074 4085 1146 4143 inde
1170 4088 1316 4147 merebitur.

747 4169 776 4218 et
790 4162 820 4217 in
836 4175 984 4232 praemium
999 4157 1128 4230 recipiet.

782 4240 799 4302 ι
816 4235 1000 4289 l‘uaosnsres
1019 4248 1051 4286 er
1066 4237 1315 4299 surniesuss‚nirn

749 4324 781 4363 er
796 4322 934 4362 sneuaruu
952 4321 980 4360 m
996 4320 1080 4360 sessu
1099 4321 1226 4360 linsamo.
1240 4332 1273 4343 -
1288 4300 1318 4357 ιδ

748 4386 839 4436 autem
851 4380 1061 4451 praebentibus
1072 4380 1099 4431 et
1109 4372 1319 4433 irutrieiitibutt't
