2820 4928
255 444 295 500 lii}
323 442 480 499 antarta
507 445 545 500 ts
573 444 826 502 prestantioris
854 443 1078 501 timiditatem.
1238 453 1285 509 259

57 551 100 611 let
118 551 155 609 ab
170 547 314 619 omnibus,
327 555 354 608 et
370 551 534 623 praecedens
550 560 643 610 conte·

57 623 144 683 stetin
167 621 324 705 praevidrre
347 624 432 705 inurat
457 641 568 707 prrnem
593 642 643 683 er·-

54 702 205 827 attentrm.
215 695 408 751 ttrsrmrordtn
419 713 493 753 rntm
505 706 547 754 est
561 714 641 755 mau-

77 767 132 825 ntis
152 765 309 841 praercuirc
326 769 490 838 prrirulum.
508 772 567 826 Non
585 771 644 826 nult

55 838 132 898 enim
148 854 320 911 quemquam
334 839 438 910 perire,
450 841 498 911 qui
510 842 644 899 omnibus

56 917 201 970 ntoustrat
224 909 394 984 prrdninuis
416 912 568 971 amentum
594 931 601 969 :
629 938 642 967 n

54 982 120 1043 ltoeo
148 986 366 1051 l'brpsostomns.
397 985 457 1040 lt'nn
489 992 531 1042 est
559 986 645 1060 igitur

54 1056 232 1114 eredendum
254 1054 350 1116 alicui,
367 1057 409 1111 vol
426 1056 461 1112 de
476 1073 596 1128 persona
614 1064 644 1116 ut

54 1126 120 1203 ipse
133 1128 170 1185 sit
183 1126 332 1193 Christus3
347 1127 389 1184 vel
407 1128 443 1184 de
458 1135 514 1186 tom
536 1147 586 1188 ore
599 1132 642 1187 lu·

52 1202 115 1261 luri
133 1197 244 1275 judicii,
270 1214 364 1271 neque
388 1199 460 1256 ddcs
482 1146 644 1260 artiibenda

55 1273 106 1333 ltis
119 1272 167 1346 qui
189 1273 341 1341 calculant,
358 1278 510 1331 etcertum
534 1288 644 1348 tempus

54 1344 259 1414 determinant,
280 1346 394 1417 quando
414 1347 487 1404 [teus
508 1354 644 1405 venturus

57 1418 108 1489 sit,
130 1417 198 1547 wia
216 1419 270 1500 line
289 1433 306 1474 a
324 1421 438 1474 numine
465 1426 558 1491 potest
577 1420 641 1477 sciri

55 1494 103 1549 rel
120 1507 138 1548 o
159 1506 274 1547 eriam.
294 1490 372 1546 Unde
387 1494 574 1561 interrogatus
587 1497 640 1549 Ilo-

55 1566 151 1621 me'nue
164 1564 200 1619 de
212 1579 229 1620 a
242 1568 334 1619 ¹centu
350 1579 429 1634 regni
441 1565 503 1629 Dei,
514 1582 532 1619 o
549 1568 643 1621 Plnua'·

55 1640 121 1694 *τίς
130 1634 426 1701 dicentibustlluundn
441 1639 515 1692 uenit
529 1653 643 1705 regnam

55 1710 127 1767 brit
139 1709 312 1780 despondens
327 1711 366 1762 cis
382 1708 481 1763 dreit.-
498 1712 556 1765 rt'on
569 1713 643 1765 uenit

53 1798 171 1853 mgnum
182 1783 242 1847 lici,
253 1786 281 1836 et
291 1778 352 1835 «ties
365 1780 472 1852 judu-ir,
482 1798 542 1837 curn
555 1783 642 1837 obser-

55 1858 178 1923 entt'onc,
197 1852 304 1908 sriiicrt
324 1852 470 1923 tempor-ir,
491 1870 582 1925 nuque
607 1856 643 1911 ab

55 1926 184 1999 Arrgebs.
201 1940 292 1997 neque
312 1925 348 1980 ab
368 1922 474 1981 bomini
499 1942 530 1981 us
549 1932 642 1998 potest

56 1996 203 2057 observati
219 1997 332 2070 qllantltt
351 1996 453 2053 tetriet,
471 1997 524 2051 Pqp
537 2014 554 2054 a
566 2015 642 2053 qquq.

55 2075 118 2128 lum
143 2069 221 2141 regni
249 2070 297 2125 liet
319 2068 487 2139 nitelligitnr
505 2072 643 2127 anrontur

56 2146 93 2201 td
115 2141 267 2215 iudicium,
313 2144 358 2197 uia
381 2140 473 2197 vertiet
498 2149 642 2213 tarttquiut

57 2216 116 2273 Rex
129 2215 165 2271 ad
176 2156 372 2296 iudicaniunr,
384 2220 411 2269 ct
424 2212 490 2285 quia
505 2220 571 2270 tunc
587 2230 643 2271 mn·

55 2286 240 2345 nilestabrtur
260 2284 307 2341 liei
330 2302 458 2357 regnum,
474 2291 503 2342 et
523 2286 642 2343 cessabit

56 2374 145 2419 omne
156 2358 233 2415 uliud
247 2373 376 2427 regnum.

93 2435 111 2487 8
127 2433 242 2488 Ranautt
256 2432 303 2485 ilat
317 2448 440 2489 antrnax.
451 2461 485 2473 -
496 2433 530 2487 Et
543 2430 641 2488 addit:

54 2506 127 2563 nore
146 2506 218 2559 enim
235 2518 349 2571 regnum
368 2507 417 2559 liei
436 2506 512 2559 intra
530 2520 577 2559 cos
592 2509 640 2561 cst.

54 2577 125 2649 quia
148 2576 254 2632 dunum
280 2573 379 2645 gratiae
403 2583 445 2632 cst
473 2578 500 2631 in
532 2579 641 2643 mente;

55 2662 178 2721 regnum
194 2645 295 2719 gratiae
311 2647 386 2704 intra
399 2664 452 2704 nos
464 2652 517 2714 ost,
529 2648 642 2719 quando

53 2736 157 2779 omnes
167 2736 242 2775 vrrrs
253 2728 282 2776 et
296 2731 387 2776 mittun
401 2719 430 2777 in
445 2719 527 2777 notris
540 2719 643 2777 divine

53 2790 643 2867 gubernationiobedrunt;serus,quando

53 2864 208 2923 rebellent.
223 2865 264 2919 tto
284 2862 307 2920 ri
330 2863 406 2920 rtirat
426 2881 433 2919 :
455 2866 516 2920 Non
538 2867 644 2922 rurrtis

54 2936 133 2995 scire
154 2935 268 3004 quando
288 2935 382 2993 veniat
398 2951 517 3005 reguum
540 2936 600 3002 Dei,
616 2942 645 2992 et

54 3006 181 3067 omittite
191 3008 376 3081 quaestionem
389 3010 424 3064 de
437 3024 524 3077 regno
534 3007 644 3079 glorian,

56 3080 127 3153 quia
142 3081 207 3153 ejus
222 3080 360 3136 adrentus
378 3078 443 3135 sriri
461 3096 516 3135 non
533 3085 644 3151 potest;

58 3152 110 3211 aed
136 3150 256 3225 quaerile
284 3168 402 3224 regnum
427 3150 543 3223 gratias,
570 3150 645 3223 quod

56 3223 135 3282 intra
153 3240 204 3281 vos
221 3239 282 3281 esse
304 3230 407 3297 potest,
421 3227 450 3281 et
470 3230 565 3292 parate
584 3240 644 3291 ros,

56 3295 135 3354 intra
148 3312 208 3365 vos,
226 3312 277 3367 per
298 3296 393 3365 tidem,
413 3311 477 3351 cum
496 3295 645 3353 dilectione

58 3376 236 3441 operantum,
246 3372 311 3451 quia
323 3368 396 3424 intra
408 3384 456 3424 ros
469 3374 511 3424 ert
525 3384 645 3441 regnum

57 3437 121 3499 Dei.
137 3442 243 3512 Nempe
257 3458 286 3496 m
304 3442 396 3510 nobis,
410 3456 473 3497 cum
489 3440 538 3496 Dei
552 3440 644 3513 gratia

57 3518 113 3575 est,
137 3518 166 3569 ut
191 3528 308 3583 regnum
333 3512 381 3569 ttoi
406 3529 436 3568 cn
460 3512 564 3582 imus,
589 3510 642 3569 nisi

57 3599 112 3641 nos
127 3582 237 3640 nbirem
253 3600 400 3656 ponamus.
419 3530 468 3641 Uir
486 3592 552 3640 uma
569 3584 643 3656 quod

58 3655 160 3728 triplex
177 3663 220 3713 est
238 3673 354 3728 rognum
373 3655 421 3713 ilci
439 3675 445 3712 :
463 3656 584 3728 primum
600 3662 643 3713 est

57 3727 133 3786 cirre
148 3744 209 3797 nor,
225 3729 267 3784 rot
286 3746 312 3785 m
327 3745 382 3798 qno
397 3744 458 3795 nos,
474 3729 580 3784 solu-et
594 3744 644 3784 rc-

57 3814 146 3883 gttutn
165 3799 310 3857 cubitantis·
328 3801 472 3865 Et'('lesite;
489 3800 642 3881 secuttdttnt

58 3879 136 3930 intra
161 3888 223 3937 nos,
249 3872 357 3928 nittrot
384 3888 504 3943 rugitum
532 3878 642 3941 gratiae,

58 3959 115 4016 qua
133 3943 263 4000 rrdctirct
279 3947 353 4002 Drus
368 3958 467 4013 regnat
487 3944 514 4000 in
531 3944 643 4010 arilina3

58 4014 175 4073 tertium
188 4022 231 4071 ost
245 4033 364 4088 rognum
380 4017 487 4083 plone.
499 4032 555 4087 qun
571 4017 644 4070 bcus

58 4094 234 4161 regnatrum
246 4089 423 4146 Sanc-trssuis
434 4087 461 4143 in
472 4087 572 4170 glorio.
585 4088 612 4141 t'·
624 4085 644 4153 l,

56 4176 179 4225 reanum
192 4162 240 4217 llei
254 4160 500 4233 dicitsripsnm,m
514 4159 646 4215 cordibus

56 4232 188 4289 ildelrum
204 4240 381 4303 regitantrm.
400 4232 477 4288 Unde
492 4231 531 4288 ait
546 4231 618 4287 Brdn
636 4248 645 4284 ε

57 4327 73 4357 a
87 4302 164 4361 Dicit
175 4320 296 4377 rognum
311 4304 361 4361 Dei
377 4311 450 4359 rutra
464 4304 563 4359 fidolus
575 4300 648 4374 post-

55 4382 132 4447 tum,
172 4380 201 4434 ui
223 4382 299 4434 enim
321 4375 491 4449 quandoque
514 4384 648 4431 venturus

57 4392 537 4520 esttuiesonniummuncetiam
547 4448 649 4520 regnat

699 555 726 609 in
737 552 872 610 cordibus
883 552 1008 611 lidelium
1020 571 1027 610 :
1041 554 1126 613 rbaec
1138 556 1221 614 dedo.
1231 559 1284 618 Un-

698 625 733 683 de
744 632 772 682 et
782 627 945 682 eluerimus:
960 650 971 677 r·
986 627 1036 694 Qui
1052 644 1117 685 vere
1125 629 1283 701 jur-tusca,

700 696 1285 775 [lamminaemanentemhabet:Templum

697 773 769 825 enim
784 772 833 825 liei
849 777 973 826 nanctum
992 778 1042 839 est,
1058 774 1132 857 qued
1146 779 1211 832 aelia
1227 793 1285 843 voa,

698 842 737 898 ait
758 842 916 914 etpostolw⁸
934 844 1151 917 summergitur
1166 846 1286 921 diligen·

698 913 738 971 tia
758 915 993 971 considerandum
1015 926 1068 984 ost,
1094 934 1158 974 rum
1182 926 1289 991 quanta

699 986 808 1043 ratione
830 994 858 1043 et
873 987 1035 1045 reverentia
1056 1005 1155 1046 sensus
1173 1000 1287 1050 nostros

698 1065 727 1115 et
750 1059 879 1115 membra
903 1060 1029 1131 corporis
1055 1061 1145 1118 nostri
1172 1078 1287 1122 movere

698 1131 845 1198 debemus,
860 1130 963 1203 quibus
978 1132 1112 1191 divinitas
1129 1133 1190 1205 ipsa
1213 1152 1286 1207 pre·

698 1202 781 1259 sidrt.
800 1206 905 1260 Demus
928 1204 1023 1275 igilur,
1040 1213 1071 1263 ut
1090 1206 1207 1279 dignum
1231 1214 1285 1281 esl,

699 1281 779 1332 tanto
804 1275 989 1334 inhabitatori
1018 1294 1104 1335 omne
1134 1278 1288 1351 imperium
1355 1314 1359 1319 -

698 1346 794 1405 cordis
809 1347 910 1416 nostri,
927 1353 959 1405 nt
974 1348 1045 1406 nihil
1064 1349 1091 1406 ri
1106 1358 1245 1423 repugnet
1256 1351 1287 1411 in

697 1419 791 1487 nobis,
809 1420 857 1476 sed
873 1436 972 1477 omnes
992 1421 1179 1489 cogitationes
1193 1431 1221 1480 ct
1235 1441 1285 1481 vo·

698 1492 839 1548 luntatum
856 1499 960 1562 motus,
976 1493 1071 1551 omnia
1086 1497 1173 1552 verba
1185 1502 1213 1553 et
1226 1495 1287 1554 uni·

699 1580 780 1622 rersa
803 1580 890 1636 oprra
912 1571 1008 1622 no=tra
1027 1565 1102 1623 illius
1122 1575 1220 1625 nutum
1239 1573 1285 1626 at-

699 1638 825 1693 tendum.
840 1637 902 1707 rjus
917 1638 1053 1693 vntnntatt
1068 1639 1242 1711 dest-rviam,
1256 1645 1286 1699 et

698 1709 734 1766 ad
748 1707 924 1764 rectitudinis
938 1710 999 1781 ejus
1015 1714 1141 1782 reguiam
1158 1712 1286 1786 dirigun-

699 1790 753 1837 tur.
771 1780 816 1838 Sic
831 1780 905 1837 rnim
926 1799 977 1837 uos
998 1799 1064 1839 vere
1085 1800 1202 1847 regnum
1223 1786 1286 1857 ejus

699 1854 815 1919 rrimus,
831 1858 859 1907 rt
880 1870 938 1915 tuse
956 1853 983 1908 iu
1006 1853 1085 1910 nobi-¹
1106 1855 1242 1924 manebit,
1257 1866 1287 1914 et

701 1940 752 1981 rios
769 1924 797 1979 iq
814 1923 862 1979 illo
879 1930 1028 1981 manentes
1045 1927 1118 1982 bene
1137 1926 1285 1985 vivemus:

703 1997 1285 2068 l'osestirmrtapostulusmorpurclarinti,

698 2074 724 2125 ct
740 2068 859 2124 membru
884 2069 918 2123 de
943 2071 1071 2125 membro.
1097 2070 1184 2127 Serra
1201 2070 1288 2143 igitur

698 2156 801 2207 connis
818 2155 852 2196 ca
868 2139 1003 2207 dignitate
1023 2156 1080 2212 qua
1099 2142 1189 2199 docet.
1206 2142 1287 2201 tlruli
1358 2182 1369 2194 -

697 2213 737 2269 tui
753 2210 857 2269 Christi
874 2220 951 2281 sutri,
967 2229 1023 2270 non
1044 2212 1131 2285 igitur
1150 2215 1215 2271 lrcct
1233 2214 1285 2273 trbi

698 2286 795 2342 ornlns
822 2284 924 2341 Chri-tt
949 2289 984 2341 an
1013 2284 1122 2357 aliquas
1143 2294 1283 2345 ranrtatcs

697 2355 913 2429 conspiciendas
935 2356 1069 2430 dirigre.
1086 2360 1123 2416 Os
1147 2366 1226 2417 tuum
1251 2375 1284 2418 os

697 2429 799 2487 libristi
811 2435 864 2497 est,
874 2444 928 2485 non
942 2445 1009 2501 ergo
1022 2430 1085 2487 licet
1097 2429 1147 2487 tibi
1160 2446 1192 2488 os
1205 2431 1284 2490 Cirri-

698 2501 744 2570 sti,
755 2517 809 2557 non
819 2500 883 2557 dno
892 2501 927 2555 ad
938 2501 1141 2571 detractiones,
1151 2519 1206 2559 non
1218 2502 1282 2561 dico

697 2575 733 2629 ad
753 2571 910 2635 mendacia.
930 2577 978 2629 sed
1004 2589 1096 2645 noque
1119 2574 1155 2631 ad
1178 2574 1284 2632 otiosos

697 2660 843 2702 sermones
855 2642 977 2713 aperire,
991 2647 1066 2716 quud
1081 2648 1116 2703 ad
1133 2645 1208 2703 solas
1222 2648 1285 2703 lau·

698 2718 749 2775 dos
762 2716 822 2773 Dei.
840 2716 918 2773 etad
932 2716 1148 2774 aertibcntiouem
1165 2716 1285 2790 proximi

698 2790 786 2848 debus
799 2798 928 2860 paratum
943 2789 1058 2845 babere.
1072 2789 1116 2847 Sic
1132 2790 1168 2847 de
1183 2798 1286 2848 ceteris

699 2860 802 2919 Christi
822 2860 958 2917 membris
973 2869 1029 2917 tuae
1053 2861 1188 2919 custodie
1208 2878 1286 2921 cont·

699 2931 793 2989 missis
808 2930 934 3003 intellige
951 2948 958 2988 :
976 2953 990 2983 n
1006 2933 1068 2989 baee
1082 2935 1240 2994 Aasclmtts.

736 3028 752 3079 9
774 3007 960 3061 [brennensis
977 3022 1057 3061 aaran
1074 3023 1175 3064 enisuri
1199 3024 1232 3063 ar
1246 3025 1288 3064 ss·

700 3094 807 3135 cunnus
822 3078 931 3134 Cnmsrt
959 3095 1113 3135 anvenrott.
1127 3110 1162 3121 -
1177 3079 1288 3137 Deinde

699 3150 859 3220 subjungo:
870 3151 903 3206 Si
916 3166 979 3217 erpo
990 3152 1114 3207 dixerint
1123 3152 1209 3216 uobis,
1226 3167 1285 3209 ecce

700 3224 729 3278 in
744 3222 849 3277 deserto
875 3228 914 3277 cst
929 3221 1068 3291 Christus,
1085 3222 1192 3279 rctticot
1209 3232 1284 3281 tam·

700 3292 1284 3366 qnambomoretigiosusinlocodnserto,

699 3366 777 3437 quasi
792 3367 843 3423 sub
858 3382 950 3435 specie
968 3365 1126 3423 sanctitutis
1141 3382 1189 3424 vor
1208 3369 1285 3425 deci·

698 3454 766 3509 pere
786 3437 915 3494 uolontas
944 3440 1125 3510 nolitecnirc,
1141 3438 1285 3498 sciliceta

697 3519 792 3567 vestro
812 3510 873 3568 loco
885 3510 1063 3583 etproposito
1083 3511 1283 3570 adridendum

697 3583 867 3651 enm,velad
877 3587 1051 3654 sequendum
1061 3584 1212 3655 peropcris
1222 3582 1285 3639 imi·

698 3655 844 3710 tationem.
863 3657 904 3719 lc't,
922 3654 944 3709 si
960 3654 1100 3711 dixerint:
1118 3658 1185 3711 Eece
1199 3660 1227 3710 in
1239 3671 1285 3726 pe·

696 3728 859 3792 netralibus,
873 3732 900 3780 rt
914 3725 940 3780 in
955 3725 1021 3782 lori-
1031 3725 1284 3783 occulti-cbristus

698 3803 750 3862 cst,
766 3798 817 3853 sub
833 3797 926 3868 specie
942 3797 1112 3869 cognitionis
1123 3797 1284 3854 dirutorum

698 3884 878 3925 arcanorum.
897 3868 1033 3926 malitram
1049 3887 1108 3939 rjus
1125 3869 1285 3940 palliantes,

699 3948 727 3998 et
739 3957 787 3997 ros
801 3940 932 4012 deripere
947 3943 1084 4007 tolentes,
1097 3946 1183 3996 nolite
1194 3942 1286 3996 crede-

699 4012 1287 4083 re.VelmecundumHieronymumsiquis

701 4084 863 4156 prornicrit
873 4086 951 4142 vobis
964 4086 1037 4157 qnod
1052 4084 1080 4140 in
1090 4086 1203 4141 desrrto
1214 4086 1290 4141 Gen·

701 4156 804 4223 tilium,
818 4164 843 4213 el
861 4156 1092 4229 pbilosopnornm
1106 4157 1288 4227 dogmatibus

702 4227 829 4284 Christus
855 4235 992 4296 moretur,
1018 4235 1068 4283 aut
1091 4227 1119 4284 in
1140 4227 1287 4287 baeretico-

702 4315 765 4356 rum
780 4300 982 4372 penetralibus,
998 4312 1026 4357 ot
1037 4299 1153 4357 occultis
1167 4317 1216 4359 seu
1232 4303 1285 4359 ob·

703 4386 794 4428 scuris
807 4370 1020 4440 conventiculis,
1035 4387 1098 4444 quae
1123 4373 1174 4431 Dei
1203 4373 1288 4448 polli-

704 4446 939 4515 centauream,
967 4444 1055 4503 nolite
1073 4444 1201 4505 credere
1224 4446 1287 4505 tion
