2820 4928
150 431 194 486 ult
223 431 352 485 DUOBUS
378 429 496 493 rtttls,
526 430 664 493 ouohuu
691 432 777 486 UNUS
804 433 839 485 tlt
865 431 992 486 vthultt
1020 431 1101 485 ll'l'l·
1131 432 1205 487 utu.
1249 432 1292 488 tit

65 540 115 599 isti
129 542 221 603 erant,
238 553 295 594 non
311 542 377 593 sunt
387 541 497 593 secreta
512 535 561 593 Dei
575 553 654 593 rese-

64 612 174 681 landa3
195 609 244 667 sed
258 624 357 666 eorum
372 607 481 665 malitia
496 607 654 682 prudenter

68 692 115 742 est
129 682 309 741 declinanda.

105 757 338 812 disrannocnrro
361 753 463 809 Dorum
487 769 521 806 na
537 752 653 809 Joaunrs

26 890 37 903 ὖ
67 844 210 884 aurrrsuo.
241 855 276 865 -
302 823 489 895 Interrogavit
517 840 585 896 ergo
605 840 654 880 eos
709 823 864 880 secundum
873 825 985 892 Bedom,
996 840 1064 880 occu

67 898 110 955 sic
128 915 136 954 ι
154 899 313 969 Baptismus
327 899 452 965 loannis,
471 896 543 951 unde
567 897 652 950 erut?

66 973 93 1026 Ε
103 971 177 1038 celo,
190 985 227 1024 on
238 984 271 1023 ee
289 965 489 1037 bominibus,i‹l
502 972 545 1022 est
560 983 592 1022 er
604 967 653 1022 lici

65 1045 210 1169 praeepto
226 1045 253 1095 et
265 1038 360 1094 divina
371 1037 606 1099 ordinationem
619 1054 653 1093 ex

88 1112 214 1169 ominum
225 1109 434 1179 adinventione,
446 1119 473 1164 et
483 1125 516 1164 ex
529 1110 653 1165 humana

65 1181 268 1240 institutione?
280 1183 317 1237 At
330 1183 375 1235 tlh·
388 1179 536 1250 stupefacti
551 1180 588 1235 ad
607 1182 649 1235 in·

64 1255 302 1327 terrogattonem
328 1253 486 1320 eopitobant
511 1254 587 1306 intra
612 1266 651 1320 se,

65 1326 142 1383 viam
155 1322 344 1397 respondendi
353 1340 360 1391 ;
369 1324 417 1379 sed
430 1339 485 1378 non
496 1323 650 1391 habebant,

64 1397 197 1453 ridentes
219 1412 252 1452 ex
275 1410 452 1466 quacumque
468 1393 650 1465 responsione

64 1484 149 1525 suam
162 1465 368 1524 contusionem.
386 1468 456 1522 Nam
474 1464 496 1520 si
517 1465 651 1521 dixissent

62 1538 241 1612 baptismum
261 1536 380 1594 loannis
405 1553 466 1593 esse
494 1537 529 1593 dc
554 1536 648 1607 ento,

67 1612 96 1668 id
120 1615 163 1668 est
177 1626 209 1666 ex
224 1607 332 1665 coelosti
356 1614 385 1665 et
409 1608 504 1664 divino
520 1606 648 1664 instituto

63 1698 142 1750 esse,
158 1684 287 1752 patenter
305 1679 556 1747 convincebantur,
581 1678 649 1751 quia

63 1769 124 1811 non
134 1753 314 1809 crediderunt
323 1750 427 1807 loanni
437 1750 543 1808 dicenti
556 1752 647 1823 ipsum

62 1824 218 1882 Dominum
233 1822 268 1879 de
282 1823 353 1879 coelo
369 1821 491 1891 venisse,
509 1828 537 1877 et
552 1821 647 1895 perhi-

62 1895 146 1953 benti
165 1894 191 1951 ei
219 1895 411 1950 testimonium
436 1894 471 1951 de
497 1899 647 1965 potestate.

63 1965 118 2036 Qui
130 1966 206 2023 euim
220 1966 307 2022 credit
319 1965 431 2033 loanni,
449 1965 539 2021 credit
551 1966 648 2035 utique

63 2036 434 2108 etChristo,quiaJonnues
445 2035 556 2092 Christo
573 2037 649 2092 testi·

62 2110 192 2167 monium
204 2107 345 2178 perhibuit
356 2107 446 2179 ipsum
454 2106 647 2179 praedicando‚

61 2185 93 2238 et
110 2182 159 2237 lici
179 2179 280 2235 Filium
297 2195 358 2236 esse
378 2179 543 2235 nuntiando.
562 2178 647 2248 Quasi

59 2252 149 2309 vellet
163 2251 258 2308 dicere
274 2267 281 2306 ε
297 2251 346 2308 lile
366 2251 433 2306 mihi
454 2250 647 2307 testimonium

61 2323 219 2397 perhibuit,
231 2338 316 2394 quem
325 2322 500 2378 conlltemiui
515 2322 647 2379 habuisse

59 2393 243 2479 prophetiam
255 2394 289 2450 de
303 2393 414 2461 coelo,ct
422 2395 457 2448 ab
468 2393 516 2449 illo
527 2394 647 2450 audistis

60 2482 93 2523 rh
106 2482 165 2539 qua
182 2470 321 2538 potestate
336 2466 397 2520 heee
417 2465 498 2527 lucio.
519 2466 586 2536 quia
598 2465 646 2521 illa

60 2539 117 2595 hoc
129 2535 345 2603 demonstravit,
362 2536 556 2592 testimonium
576 2536 646 2593 mibi

59 2609 249 2681 perhibendo.
266 2607 294 2664 Si
304 2613 399 2664 autem
410 2607 545 2664 dixissent
559 2607 646 2679 bapti·

59 2695 156 2737 smum
164 2679 280 2736 loannis
291 2695 353 2735 esse
364 2679 399 2735 de
411 2685 486 2736 terra
497 2684 526 2735 et
536 2679 645 2735 institu-

57 2751 141 2809 tione
157 2753 293 2820 humana,
308 2751 464 2820 periculum
482 2752 580 2807 mortis
594 2749 646 2806 in-

58 2821 218 2881 currissent
235 2822 272 2878 ad
291 2823 438 2894 populum,
450 2828 479 2879 et
499 2828 645 2893 tamquam

60 2894 223 2964 blasphemi
237 2899 333 2950 essent
348 2893 491 2966 lapidandi
501 2912 508 2962 3
520 2893 585 2963 quia
598 2909 646 2964 po-

80 2965 156 3034 ulus,
173 2963 220 3036 qui
238 2980 290 3036 pro
306 2964 408 3035 majori
426 2972 507 3037 parte
524 2965 645 3020 loannis

57 2980 235 3108 {spasmum
247 3043 420 3118 susceperat,
432 3051 497 3092 eum
507 3051 541 3090 en
552 3034 608 3089 vita
617 3040 646 3089 et

63 3106 205 3177 doctrina,
220 3124 253 3163 ac
268 3106 371 3163 Christi
391 3104 553 3165 testimonio
574 3107 645 3162 Pro·

59 3178 179 3252 phetam
200 3184 331 3236 sanctum
355 3184 384 3234 et
406 3194 522 3246 verum,
546 3193 563 3233 a
588 3178 646 3233 Deo

59 3249 184 3307 missum
194 3252 353 3323 reputabat,
362 3254 391 3307 et
405 3267 456 3323 per
469 3252 647 3319 consequeus

57 3322 152 3379 verba
167 3323 227 3395 ejus
245 3328 274 3378 et
294 3322 367 3378 lacta
389 3339 408 3379 a
426 3325 484 3379 Deo
503 3337 564 3378 esse
581 3336 646 3377 sen-

58 3392 164 3450 tiebat.
187 3394 323 3450 Viderunt
338 3410 416 3464 ergo,
442 3397 474 3449 ut
495 3392 535 3448 ait
559 3392 645 3460 Beda,

58 3464 213 3536 quodlibet
224 3466 325 3521 horum
339 3465 553 3537 respondissent
567 3465 596 3520 in
608 3465 647 3521 la·

59 3551 171 3608 qucum
190 3551 219 3592 se
238 3552 365 3605 casuros,
384 3539 517 3593 timentes
540 3535 648 3593 scilicet

58 3605 377 3680 plebislapidationem;
387 3610 437 3664 sed
449 3607 646 3678 magistimeu-

58 3678 647 3750 tesveritatiscontessionemltespondeu·

59 3754 103 3807 tes
127 3748 217 3821 igitur
231 3753 294 3805 Jesu
319 3751 451 3806 dicerunt
469 3770 478 3804 ε
493 3754 645 3817 Nescimus,

60 3820 291 3878 estmendaciter
301 3821 461 3878 dicentibus
470 3821 548 3878 cisse
560 3821 647 3878 nesci·

61 3907 95 3949 re
108 3891 256 3949 ait'lesus:
270 3896 364 3963 Neque
379 3910 427 3963 epo
441 3894 518 3948 vobis
533 3894 605 3961 dico,
617 3896 647 3948 in

62 3979 121 4035 pua
148 3966 326 4020 otestotebaee
338 3963 646 4034 socioNondicovobis

63 3980 147 4107 (perolJ
157 4034 227 4105 scio,
241 4034 289 4092 uia
310 4052 368 4093 non
381 4036 465 4092 vultis
476 4034 558 4093 lateri
571 4036 647 4107 quod

62 4105 153 4163 scitis.
169 4107 240 4173 Quia
256 4122 323 4189 ergo
339 4107 481 4176 dicebant,
489 4124 519 4164 se
538 4109 647 4163 nescire

62 4176 142 4249 quod
153 4181 250 4233 tamen
260 4180 398 4247 serebant,
413 4178 503 4234 noluit
516 4177 557 4235 eis
569 4178 604 4235 de
616 4194 647 4235 ee

63 4264 151 4322 apere
167 4248 315 4305 veritatem
328 4250 363 4306 de
380 4251 433 4305 hoe
446 4250 521 4320 quad
536 4265 646 4321 quaere·

62 4320 150 4391 bant;
162 4325 191 4376 et
202 4319 360 4390 justissime
380 4321 489 4378 contusi
509 4325 585 4378 sunt.
608 4322 646 4377 Ex

63 4406 115 4450 sua
129 4390 208 4449 euim
221 4390 415 4450 taciturnitate
429 4392 567 4465 compulsi
581 4398 648 4451 sunt

708 553 787 594 asua
805 537 941 610 petitione
954 553 1074 594 cessare.
1090 538 1172 608 Nam,
1187 554 1289 598 secun·

708 608 775 666 dum
791 612 1019 679 chrysostomum,
1032 607 1220 679 mendacia,si
1231 628 1290 670 non

708 680 1290 754 habentquemdecipiant,ipsasibimen·

708 752 827 808 tinntur.
858 753 973 809 Duabus
997 753 1160 880 quippletde
1184 754 1289 881 capsis,

1089 840 1153 880 aur
1165 840 1288 884 verras=

708 896 773 964 vel,
794 894 860 966 quia
889 896 1032 952 auditores
1060 895 1155 952 minus
1173 913 1290 978 capaces

708 972 773 1023 sunt
786 966 822 1021 ad
834 965 1062 1037 intelligendum,
1078 967 1152 1023 unde
1162 968 1286 1027 dicitur:

706 1041 797 1093 Multa
808 1039 891 1093 babeo
911 1039 987 1093 vobis
1001 1039 1101 1103 dicae,
1112 1038 1161 1093 sed
1175 1055 1229 1095 non
1240 1058 1287 1112 po-

708 1110 1004 1181 testisportnremod03
1022 1110 1076 1178 rel,
1093 1111 1160 1180 quia
1175 1126 1207 1165 ex
1222 1110 1288 1168 odio

707 1178 1288 1254 etcontcmptuindiguisuntquibusape-

705 1251 806 1319 riatur,
824 1252 898 1307 unde
913 1250 1016 1307 dicitur
1035 1269 1041 1308 :
1058 1253 1150 1309 Nolite
1163 1261 1289 1309 sanctum

706 1323 773 1378 dore
785 1325 911 1394 canibus,
919 1337 1005 1393 neque
1019 1325 1139 1378 mittatis
1149 1327 1290 1393 marpori·

706 1400 748 1449 tus
760 1400 823 1449 onte
836 1411 946 1466 porcos:
957 1401 985 1450 et
1000 1393 1046 1449 hic
1060 1400 1212 1476 utrumque
1222 1411 1286 1453 con-

705 1467 848 1522 currebat.
862 1468 896 1522 Et
909 1467 994 1522 tertia
1006 1481 1092 1522 eausa
1106 1466 1172 1521 addi
1184 1472 1287 1538 potest,

705 1537 813 1593 scilicet
827 1537 979 1593 assiduitas
999 1535 1187 1608 praedicandi3
1213 1539 1288 1595 assi·

704 1609 760 1665 dua
772 1609 848 1665 enim
867 1608 1032 1681 pradicatio
1048 1607 1166 1664 vilescit.
1193 1608 1287 1666 Voluit

703 1696 772 1750 ergo
786 1681 914 1737 Christus
938 1680 1087 1736 ostendere
1104 1680 1138 1736 de
1165 1680 1240 1737 lacto
1258 1686 1288 1738 et

703 1751 931 1823 exanimeque
946 1753 1010 1807 lieet
1022 1752 1063 1807 uti
1082 1750 1201 1808 cautelis
1216 1769 1286 1809 con-

701 1827 747 1879 tra
770 1822 892 1879 cautelas
920 1823 1059 1879 malorum
1091 1821 1287 1881 insidiantium

702 1892 796 1950 bonis.
812 1893 964 1950 Undcdicit
980 1895 1194 1963 Chrysostomus,
1210 1895 1286 1966 quod

703 1965 925 2037 interrogantem
945 1969 1057 2036 oportet
1075 1965 1176 2021 docere
1191 2007 1199 2037 ,
1217 1972 1285 2021 ten-

702 2040 812 2092 tantem
824 2035 1006 2092 confundere.

739 2113 754 2175 l
773 2109 917 2163 Psennouu
929 2124 963 2162 un
978 2123 1082 2163 nonnos
1093 2122 1170 2162 aruns
1184 2108 1285 2164 Junnrs

702 2198 735 2235 nr
747 2180 883 2235 Ganrrnus
896 2196 1051 2235 uaruicum.
1060 2210 1091 2218 -
1099 2178 1179 2246 Quod
1189 2187 1284 2236 autem

703 2251 857 2322 aperienda
869 2257 931 2307 erat
946 2250 1050 2307 veritas
1064 2265 1123 2306 suae
1136 2250 1285 2323 potestatis

702 2329 730 2379 et
742 2321 951 2395 predicationis
964 2321 1027 2379 aliis
1041 2328 1070 2378 et
1084 2339 1141 2378 non
1157 2322 1235 2393 ipsis,
1255 2327 1285 2380 et

702 2411 800 2466 quare,
816 2394 952 2450 indicavit
964 2411 1015 2464 per
1028 2394 1195 2466 parabolam
1211 2395 1284 2451 duo-

702 2483 764 2522 rum
780 2467 912 2522 liliorum.
931 2468 1014 2521 Homo
1037 2465 1151 2536 puidam
1166 2466 1284 2521 habebut

702 2539 769 2593 datos
782 2539 864 2606 filios,
876 2542 902 2592 et
916 2537 1045 2592 accedens
1058 2536 1096 2590 ad
1103 2539 1225 2607 primum
1241 2537 1283 2592 di-

700 2612 745 2664 ait
755 2628 763 2663 :
775 2610 838 2669 Fili,
848 2608 918 2663 cocle
931 2608 1021 2667 bodie.
1033 2623 1146 2677 operare
1160 2609 1189 2661 in
1202 2610 1284 2662 uinea

700 2697 769 2735 meo.
785 2681 835 2735 lile
849 2684 939 2733 autem
954 2678 1130 2750 respondeas,
1146 2680 1210 2732 ait:
1225 2681 1282 2737 No-

701 2753 736 2807 lo.
763 2754 859 2806 Postea
878 2755 978 2818 nutem,
1001 2751 1163 2820 poenitentia
1181 2756 1282 2817 motus,

700 2823 780 2877 obiit.
800 2822 937 2877 decedens
950 2825 1041 2876 cutem
1053 2821 1091 2875 od
1105 2821 1222 2875 alterum
1237 2821 1283 2880 di«

699 2896 745 2948 eit
758 2894 897 2947 similiter.
911 2893 951 2947 nt
962 2893 1011 2946 itte
1024 2891 1200 2961 respondens,
1215 2892 1281 2949 nit:

699 2968 750 3032 Eo,
779 2964 896 3029 domine,
915 2968 940 3018 et
954 2979 1009 3018 non
1027 2964 1089 3020 init.
1109 2963 1199 3017 Homo
1217 2962 1282 3036 iste,

699 3034 747 3117 qui
763 3034 834 3089 duos
847 3033 920 3090 blios
939 3031 1039 3091 habuit
1057 3037 1100 3089 est
1125 3034 1211 3103 Deus,
1227 3036 1282 3091 sci·

699 3107 765 3162 hcet
779 3107 872 3169 Pater,
892 3105 940 3187 qui
955 3105 1058 3162 dicitur
1071 3106 1156 3161 homo
1170 3107 1284 3164 ratione

700 3177 926 3234 mansuetudinis
935 3193 1020 3248 quarn
1028 3177 1064 3233 ad
1072 3175 1218 3235 hominem
1233 3179 1282 3235 ha-

701 3247 772 3316 buit,
787 3247 835 3319 qui
859 3248 944 3305 etiam
962 3264 1061 3305 omnes
1080 3248 1210 3307 homines
1230 3265 1280 3324 pa-

699 3326 783 3376 terno
797 3319 899 3376 affectu
915 3320 1034 3388 creavit;
1052 3324 1082 3377 et
1098 3336 1161 3378 curn
1176 3321 1214 3378 sit
1230 3337 1280 3379 na-

700 3396 764 3449 tura
779 3391 925 3461 Dominus,
940 3397 1035 3449 tamen
1051 3395 1142 3475 magis
1156 3393 1216 3450 vult
1235 3393 1282 3451 di·

700 3463 748 3536 ligi
769 3463 848 3536 quasi
874 3466 968 3531 Pater,
986 3480 1070 3535 qnam
1086 3467 1181 3521 timeri
1200 3465 1281 3538 quasi

701 3536 846 3593 Dominus.
865 3538 977 3593 Primus
1001 3536 1076 3592 lilius
1102 3545 1231 3609 tempore
1252 3546 1281 3594 et

703 3607 824 3679 origine,
843 3613 1012 3664 nontamen
1036 3607 1174 3680 dignitate
1190 3609 1279 3665 etDei

701 3679 873 3751 cognitione,
886 3684 929 3736 est
944 3678 1065 3749 populus
1081 3679 1225 3746 Gentium,
1240 3678 1280 3735 al·

700 3755 746 3807 ter
759 3750 880 3822 populus
893 3751 1074 3819 ludaeorum
1093 3750 1160 3821 quia
1176 3751 1281 3805 Gentes

702 3827 781 3878 erant
798 3837 831 3877 ex
848 3827 976 3889 tempure
991 3824 1060 3889 Noe,
1074 3820 1165 3878 ludaei
1185 3826 1281 3875 autem

703 3909 736 3949 ex
752 3898 878 3964 tempore
891 3894 1045 3950 hbraham.
1056 3891 1172 3962 operari
1185 3895 1280 3945 autem

702 3964 816 4020 vineam
834 3969 876 4021 est
895 3965 988 4021 lacere
1008 3962 1167 4035 justitiam,
1194 3975 1281 4030 quam

703 4035 874 4107 generalitor
908 4036 1023 4108 quidem
1045 4035 1073 4087 in
1094 4040 1198 4111 natura
1219 4045 1281 4087 om·

702 4106 781 4163 nium
796 4105 944 4163 hominurn
961 4108 1035 4161 Deus
1057 4102 1206 4182 plantaytt,
1221 4117 1283 4183 spe·

702 4180 811 4235 cialiter
838 4183 932 4234 autem
950 4173 1055 4231 ludaeis
1071 4188 1134 4229 eam
1157 4188 1187 4227 ru
1210 4172 1282 4229 bbro

702 4249 767 4306 vita
782 4249 876 4315 dedit;
891 4248 970 4328 eujus
985 4246 1105 4301 diversae
1124 4242 1195 4299 vites
1217 4246 1283 4299 sunt

702 4321 823 4378 diversae
845 4318 1022 4391 justitiarum
1045 4316 1163 4388 species.
1188 4314 1284 4371 Primo

700 4392 761 4451 illio
775 4392 899 4464 primum
910 4388 981 4447 dixit
993 4403 1046 4461 per
1060 4385 1198 4445 naturalis
1212 4385 1284 4459 legis
