2842 4920
269 379 308 433 ut
338 376 575 434 trististristis
603 375 812 432 stuntltttttl
843 373 1086 429 tucutalslln.

58 479 646 554 tibiqueexhihitus,ipseliominuslesus,

58 555 97 612 de
131 570 167 611 uo
179 553 334 625 loquimur,
348 551 434 609 Filius
449 557 493 609 est
513 549 563 607 Dei
578 548 644 606 vivi.

61 570 142 685 unge
161 626 332 682 excellenter
354 622 541 686 Eucharistia,
560 621 590 678 id
604 625 649 678 est

61 700 134 756 bono
148 696 364 777 protiodicitnr
374 694 477 767 quiaiu
490 695 544 750 boc
554 708 649 750 sacra·

60 774 159 827 mento
172 786 230 826 non
243 773 354 826 tantum
368 767 452 824 modo
464 771 648 838 augmentum

60 845 105 899 est
119 840 232 898 virtutis
255 847 283 897 et
297 839 408 911 gratiae,
425 838 475 896 sed
494 839 555 920 ipse
572 843 649 895 totns

59 913 196 985 sumitur,
213 912 260 984 qui
275 918 317 969 est
337 912 400 967 lons
418 917 447 967 et
467 926 548 982 origo
564 911 650 966 totius

60 985 175 1058 gratiae.
202 983 283 1041 Unde
306 986 515 1053 Hieronymus:
537 1002 551 1034 o
573 984 651 1038 lianc

61 1057 196 1114 ultimam
222 1058 391 1113 memoriam
415 1054 499 1113 nohis
524 1053 651 1124 reliquit,

106 1128 310 1186 emadmodum
325 1127 348 1184 si
364 1126 428 1199 quis
448 1143 568 1200 peregre
582 1141 651 1198 pro·

63 1145 199 1258 1133333
212 1199 330 1283 aliquod
345 1199 450 1272 pignus
469 1198 494 1255 ei
509 1213 594 1270 quem
608 1195 651 1280 di-

62 1272 129 1344 ligit
144 1272 288 1345 relinquit,
307 1277 339 1328 ut
355 1271 591 1343 quotiescumque
613 1269 653 1325 il-

64 1345 116 1401 lud
134 1344 246 1408 viderit,
266 1342 355 1417 possit
379 1348 408 1400 ct
427 1344 488 1417 cius
515 1341 654 1399 beneficia

63 1421 96 1472 et
110 1415 252 1473 amicitias
273 1415 436 1472 memorari.
456 1417 545 1484 Quem
560 1414 583 1471 si
604 1413 653 1470 ille

63 1487 193 1560 perlecta
212 1486 353 1555 dilexerit,
371 1486 433 1543 siue
453 1486 562 1558 lugenti
583 1484 654 1542 illud

65 1558 221 1628 desiderio,
237 1559 281 1615 vel
294 1560 362 1615 tletu
375 1575 432 1615 non
465 1557 653 1614 otestvidere.

66 1630 138 1688 Ideo
151 1631 206 1687 hoc
219 1630 350 1688 Salvator
360 1574 478 1688 1333111111
493 1645 654 1687 sacramen·

67 1711 145 1773 tum,
164 1707 196 1758 ut
210 1718 261 1774 per
275 1702 330 1758 boc
345 1718 457 1785 semper
480 1715 654 1760 commemo·

72 1789 184 1844 remur,
205 1774 274 1846 quia
287 1789 339 1846 pro
355 1776 437 1832 nobis
459 1780 587 1831 mortuus
601 1777 654 1830 est.

71 1846 147 1902 Nam
158 1851 186 1903 et
195 1844 260 1904 ideo
276 1861 340 1902 cum
352 1844 518 1917 accipimus,
534 1861 551 1902 3
565 1861 657 1902 sacer·

68 1916 187 1974 dotibus
198 1931 426 1985 commonemur,
437 1916 504 1988 quia
514 1916 659 1988 Corpuset

69 1987 194 2071 Sangario
208 1994 251 2046 est
264 1988 379 2052 Christi,
395 1993 426 2045 ut
440 2004 498 2045 non
513 1987 600 2046 simus
611 1987 657 2043 in-

69 2064 147 2134 grati
162 2060 232 2117 tanti
247 2061 309 2133 ejus
321 2059 453 2118 beneficii
467 2077 474 2115 :
490 2081 505 2111 »
517 2060 577 2116 haec
592 2062 657 2116 llic-

68 2148 213 2202 ronpmus.
227 2133 388 2188 institutum
399 2130 535 2204 estigitur
549 2132 660 2188 133333-

69 2208 251 2264 crementum
267 2203 384 2260 altaris:
401 2202 503 2275 primo,
518 2202 547 2258 in
560 2219 658 2260 recor·

71 2274 220 2332 dationem
246 2274 403 2332 Dominicae
421 2274 562 2332 Passionis
578 2279 606 2331 et
621 2273 657 2330 li-

71 2346 252 2416 berationis;
271 2347 408 2416 secundo,
422 2346 452 2402 in
468 2347 659 2429 signumprae

71 2417 166 2491 cipuae
182 2418 343 2475 dilectionis
358 2423 386 2474 et
401 2417 568 2475 imitationis
581 2436 589 2488 ;
604 2423 660 2475 133·

72 2490 126 2560 113,
144 2490 173 2546 in
195 2492 283 2547 robur
297 2489 536 2561 confirmationis,
559 2495 660 2547 contra

70 2563 172 2634 lapsus
189 2562 321 2619 humanae
334 2561 529 2630 inlirmitalis;
544 2568 658 2633 quarto,

72 2633 106 2690 in
124 2633 325 2706 purgationem
347 2632 466 2705 spiritns
492 2632 616 2689 bominis
631 2637 661 2689 et

72 2704 280 2762 nutrimentum
290 2705 354 2761 vitae
366 2704 520 2777 spiritualis
530 2722 537 2774 ;
549 2703 659 2776 quinto,

72 2775 105 2834 in
121 2778 254 2833 viaticum
275 2780 426 2849 praesentis
447 2775 660 2848 peregrinatio-

72 2848 139 2918 nis3
155 2855 244 2918 sexto,
267 2848 296 2904 in
319 2847 422 2921 pignus
437 2852 466 2904 et
479 2851 594 2906 arrham
606 2850 659 2906 ha-

71 2921 177 2979 bendae
192 2919 367 2989 hereditatis
381 2919 511 2991 septimo,
525 2920 555 2978 in
569 2937 661 2978 reme·

72 2992 153 3049 dium
163 2992 363 3049 satisfactionis
371 3008 422 3064 pro
432 2991 565 3065 peccatis.
579 2992 658 3050 Unde

72 3064 221 3136 Sanguine
237 3063 340 3121 Christi
360 3081 461 3133 corpus
482 3069 509 3121 et
534 3063 660 3121 animam

71 3135 203 3204 linimus,
218 3138 285 3208 quia
310 3136 428 3208 sanguis
443 3135 508 3207 agni
525 3152 612 3208 super
628 3154 659 3193 u·

73 3213 210 3280 trumque
220 3215 331 3281 postem
342 3209 453 3275 domus,
465 3208 595 3264 liberavit
608 3210 661 3265 lle·

71 3280 171 3339 braeos
182 3281 217 3337 ab
231 3280 339 3352 Angelo
357 3278 587 3337 exterminatore.

112 3375 129 3426 9
145 3352 322 3409 Pnernnirro
336 3370 370 3408 no
381 3368 501 3408 sancitu
513 3367 661 3408 consumo·

74 3441 143 3481 nen.
158 3454 189 3466 -
205 3426 236 3479 ln
247 3425 300 3480 hoc
312 3429 406 3480 autem
416 3432 594 3480 sacramento
604 3424 661 3480 duo

75 3495 264 3566 requiruntur
274 3501 396 3567 exparte
411 3493 586 3568 recipientis,
600 3497 660 3552 sci-

75 3567 164 3622 licet:
190 3565 364 3623 desiderium
386 3567 596 3638 conjunctionis
623 3566 676 3624 ad.

73 3636 231 3707 Christum,
244 3638 321 3708 qnod
334 3654 415 3694 amor
433 3638 519 3707 l'acit;
534 3645 562 3696 et
577 3655 660 3696 reve-

73 3708 172 3766 rentia
186 3709 366 3777 sacramenti,
383 3725 446 3782 quae
458 3712 494 3766 ad
507 3710 614 3767 donum
628 3710 660 3766 ti-

73 3779 165 3838 moris
199 3779 312 3837 ertinet¹
331 3781 467 3850 Primum,
485 3782 522 3838 ad
537 3781 661 3853 quotidi-

75 3868 164 3910 anam
179 3796 264 3933 Eujus
285 3853 456 3910 sacramenti
478 3853 663 3926 frequentati-

76 3939 165 3982 onem
181 3923 350 3985 1nritat.sed
365 3925 661 3983 secundumretrahit.

76 3995 202 4064 Unde,si
209 3995 313 4068 aliquis
325 3996 584 4069 experimentaliter
594 4014 661 4071 cog-

75 4071 232 4137 nosceret,
254 4084 290 4125 ex
315 4068 479 4152 quotidiana
502 4070 663 4142 sumptione

77 4139 221 4196 terrorem
240 4154 345 4197 amoris
362 4140 460 4213 augeri
484 4148 512 4197 et
530 4158 664 4200 reveren·

77 4209 149 4294 tiam
163 4226 222 4268 non
237 4210 339 4294 minui,
353 4212 418 4270 talis
441 4213 559 4271 deberet
572 4213 665 4287 quoti·

79 4283 126 4340 die
141 4298 372 4353 communicare3
388 4284 412 4342 31
430 4292 526 4345 autem
547 4285 667 4344 sentiret

80 4368 132 4428 per
146 4355 342 4428 quotidianam
356 4356 612 4432 frequentationem
620 4375 665 4417 re-

1246 377 1293 430 tta

702 475 862 533 verentium
879 476 979 546 minui,
1007 482 1034 533 31
1061 478 1203 536 servorem
1230 495 1288 538 non

704 550 824 605 multum
849 547 958 620 sugeri,
976 547 1040 605 talis
1056 548 1173 607 deberet
1197 549 1287 608 inter-

703 620 770 677 dum
785 620 940 688 abstinere,
960 625 992 677 ut
1009 636 1073 678 cum
1089 621 1189 750 majori
1206 638 1286 679 reve-

704 694 797 749 rentia
809 697 837 749 et
852 692 1001 749 devotione
1016 698 1126 764 postmo
1150 710 1196 750 um
1209 710 1288 751 acce·

703 765 792 820 deret.
814 763 905 833 Unde,
921 771 1059 836 quantum
1074 765 1109 822 ad
1121 767 1184 831 hoc,
1205 782 1291 823 unus·

704 836 823 908 quisque
834 841 876 892 est
888 853 938 893 suo
958 836 1066 907 judicio
1075 837 1290 911 relinquendus.

704 909 907 977 llodus2autem
918 908 988 964 illud
1001 910 1131 965 sumendi
1141 909 1291 983 tripliciter

706 979 841 1036 dividitur
855 998 862 1036 :
877 979 1013 1037 comestio
1025 980 1100 1036 enim
1115 982 1171 1037 alia
1184 982 1217 1037 111
1228 998 1291 1053 ore,

705 1056 733 1107 31
751 1055 795 1108 331
809 1051 1024 1109 sacramentalis
1038 1071 1046 1122 ;
1065 1053 1121 1110 alia
1137 1053 1171 1109 fit
1194 1054 1292 1126 corde,

706 1128 734 1180 et
753 1129 795 1181 est
816 1123 923 1193 realis;
945 1124 1001 1181 alia
1020 1125 1052 1181 lit
1065 1141 1114 1181 ore
1139 1131 1168 1182 et
1183 1126 1292 1182 cordex

707 1195 736 1251 in
752 1196 842 1253 altero
859 1201 1081 1266 sacramentnm,
1097 1196 1127 1253 in
1143 1197 1234 1254 altero
1247 1212 1294 1254 res

708 1268 891 1325 sacramenti.
907 1269 972 1326 Sola
983 1269 1119 1326 comestio
1135 1284 1295 1326 sacramen·

708 1340 773 1397 talis
799 1344 910 1397 tantum
940 1341 1081 1397 malorum
1097 1346 1151 1410 est,
1165 1340 1224 1413 qui,
1240 1341 1295 1398 etsi

709 1414 763 1469 sub
776 1411 881 1467 visibili
897 1412 991 1483 specie
1007 1414 1214 1470 elementorum
1229 1414 1297 1471 Cor·

708 1500 762 1557 pus
778 1482 881 1541 Christi
895 1484 1045 1555 accipiant,
1059 1490 1154 1542 tamen
1167 1484 1234 1557 quia
1244 1500 1297 1542 nec

711 1572 778 1612 vere
792 1556 921 1625 credunt,
936 1571 988 1612 neo
1008 1556 1140 1630 diligunt,
1154 1556 1220 1684 pani
1236 1572 1295 1613 coe-

709 1629 772 1686 lesti
783 1626 893 1684 couniri
908 1643 965 1684 non
977 1637 1105 1700 possunt.
1119 1630 1185 1685 Soa
1204 1644 1297 1686 come·

709 1700 764 1758 stio
779 1700 875 1768 realis,
887 1704 999 1757 tantum
1011 1700 1153 1758 bonorum
1167 1706 1222 1772 est,
1237 1701 1296 1774 qui,

710 1772 764 1830 etsi
778 1774 831 1829 suh
855 1770 960 1828 visibili
983 1776 1161 1829 sacramento
1181 1788 1298 1831 carnem

711 1842 816 1902 Christi
831 1859 888 1899 non
901 1849 1027 1913 sumant,
1038 1844 1200 1901 tameniide
1211 1850 1240 1900 et
1254 1845 1297 1902 di-

712 1914 834 1972 lectione
848 1930 952 1986 panem
964 1916 1107 1972 coelestem
1114 1917 1298 1988 manducant,

713 1991 741 2044 et
760 1986 786 2043 ei
802 1989 984 2044 couniuntur.
1006 1989 1086 2044 Unde
1098 1990 1298 2058 Augustinus:

716 2081 729 2109 3
750 2057 822 2126 Quid
849 2075 934 2130 paras
958 2058 1059 2116 dentes
1086 2065 1115 2116 et
1142 2060 1300 2118 ventrem?

714 2131 814 2198 Crede,
836 2135 864 2186 ot
879 2130 1067 2189 manducasti.
1089 2151 1103 2185 n
1121 2131 1218 2190 itealis
1231 2147 1299 2189 3333

713 2208 742 2258 31
758 2202 976 2260 sacramentalis
986 2205 1122 2261 comestio
1129 2205 1300 2278 junguntur,

715 2290 780 2330 cum
795 2273 969 2347 accipientes
983 2275 1013 2332 in
1024 2292 1098 2348 pane
1110 2277 1185 2348 quod
1198 2293 1304 2350 pepen-

713 2346 754 2401 dit
765 2345 796 2401 in
809 2345 1112 2419 liguo,aceipientesin
1122 2347 1209 2405 calice
1224 2348 1301 2421 quod

714 2417 841 2474 manavit
852 2418 888 2474 de
904 2419 1002 2489 latere,
1023 2423 1190 2503 pertingunt
1206 2425 1300 2478 mente

715 2505 805 2559 usque
820 2488 950 2546 adesum
964 2507 1046 2563 paurs
1065 2493 1139 2548 vitae.
1160 2491 1235 2562 Oris,
1259 2491 1301 2549 in-

716 2576 812 2633 quam,
829 2561 972 2632 perceptio
987 2567 1015 2618 et
1033 2562 1235 2635 incorporatio,
1252 2581 1300 2622 sa·

717 2638 895 2689 crementum
924 2638 966 2690 331
990 2634 1170 2692 comestionis
1194 2635 1300 2710 cordis,

717 2720 774 2776 qua
789 2705 995 2762 manducamus
1010 2721 1075 2763 cum
1092 2706 1211 2765 Domino
1229 2711 1302 2767 Cor·

717 2793 771 2849 pus
787 2782 917 2847 suum,et
929 2776 1054 2834 bibimus
1065 2795 1128 2835 cum
1139 2798 1171 2836 eo
1184 2782 1301 2864 Sangui·

718 2864 784 2905 nem
810 2865 904 2917 suum,
931 2849 985 2905 hoc
1008 2855 1050 2907 est
1070 2866 1120 2923 per
1145 2852 1303 2912 efficaciam

718 2922 852 2992 Corporis
864 2921 906 2978 sui
921 2926 948 2977 et
964 2922 1116 2993 Sanguinis
1140 2923 1183 2980 sui
1199 2941 1299 2984 mane·

718 3009 781 3048 mus
795 2995 826 3049 in
841 3010 884 3062 33,
909 2997 937 3050 31
951 2992 1009 3065 ipse
1036 2994 1065 3051 in
1088 2995 1181 3053 nobis.
1203 2999 1300 3071 ltaque

717 3064 764 3120 alii
780 3064 921 3136 accipiunt
932 3065 1039 3135 Corpus
1052 3066 1164 3123 Domini
1177 3070 1212 3124 ad
1229 3086 1304 3127 mor·

717 3142 785 3207 tem,
797 3140 864 3208 quia
879 3153 935 3193 non
948 3136 1091 3208 attingunt
1105 3155 1208 3209 panem
1219 3140 1300 3213 vitae;

717 3208 765 3266 3111
775 3208 919 3280 accipiunt
931 3209 1071 3279 advitam,
1085 3210 1152 3282 quia
1163 3212 1302 3271 aduniun·

717 3287 763 3338 tur
782 3296 846 3338 cum
863 3282 966 3339 Verbo.
983 3282 1061 3338 Unde
1077 3284 1303 3353 Chrusostomust

718 3374 732 3405 r
749 3353 896 3410 Credimus
914 3351 1013 3425 itaque
1028 3354 1163 3426 quoniam
1178 3364 1207 3414 et
1226 3370 1302 3416 nune

718 3424 765 3481 1113
777 3441 859 3481 coena
871 3430 923 3493 est,
936 3427 965 3481 in
975 3441 1031 3555 <Lus
1044 3434 1073 3483 et
1085 3426 1092 3482 i
1115 3445 1146 3485 se
1161 3430 1300 3500 recubuit,

719 3496 790 3552 nihil
806 3499 882 3553 enim
903 3497 981 3554 11133
1017 3445 1189 3558 1331111331.
1205 3504 1303 3574 Neque

718 3568 795 3626 enim
816 3570 888 3625 banc
914 3570 1028 3641 quidem
1048 3572 1133 3629 homo
1155 3582 1300 3645 operatur,

718 3640 797 3697 illam
818 3646 914 3697 autem
935 3642 1007 3713 ipse,
1027 3645 1075 3698 sed
1092 3644 1165 3700 banc
1181 3650 1210 3702 et
1223 3646 1301 3703 illam

717 3710 787 3793 ipse.
805 3713 875 3768 Cum
897 3728 965 3782 ergo
990 3713 1165 3771 sacerdotem
1184 3716 1302 3774 dantem

716 3783 767 3839 nbi
783 3782 897 3852 videris,
919 3799 975 3839 non
997 3787 1174 3843 sacerdotem
1192 3792 1303 3847 aestima

717 3871 779 3911 3333
793 3855 842 3926 qui
855 3855 908 3911 hoc
924 3854 989 3912 lacit
1000 3873 1008 3926 ;
1021 3858 1072 3913 sed
1087 3873 1203 3917 manum
1218 3860 1301 3918 Chri·

717 3928 753 3983 sti
768 3943 829 3984 esse
848 3943 911 3999 quae
929 3929 1098 3986 extenditur.
1117 3931 1196 3988 Sicut
1214 3932 1301 4007 igitur

717 3998 949 4070 combaptizaris,
962 4016 1019 4057 non
1031 4000 1090 4073 ipse
1105 4005 1301 4064 sacerdosha-

719 4073 815 4144 ptizat,
830 4070 879 4128 sed
894 4074 966 4129 Deus
981 4073 1084 4144 estqui
1099 4075 1208 4134 detinet
1222 4082 1302 4137 tuum

721 4150 804 4217 caput
818 4142 951 4202 invisibili
975 4146 1094 4217 virtute3
1111 4147 1194 4207 itaet
1214 4167 1299 4208 nunc.

721 4216 819 4273 Nullus
828 4218 923 4289 itaque
933 4217 1021 4274 ludas
1033 4219 1117 4291 adsit,
1132 4222 1228 4280 nullus
1239 4240 1302 4281 333·

722 4304 782 4359 rus,
800 4289 895 4345 nullus
909 4288 1084 4349 inhumanus
1102 4295 1227 4366 accedat,
1240 4296 1303 4355 nul-

720 4358 764 4416 lus
783 4360 906 4418 crudelis
921 4366 949 4418 et
968 4361 1180 4441 immisericors,
1204 4369 1298 4430 nullus
