2820 4928
84 377 130 433 tlt

84 486 179 554 dibus,
194 483 296 542 durius
324 481 496 539 adamante!
515 483 581 538 llaec
597 482 674 539 enim

89 559 171 628 signa
187 555 305 613 torribia
320 570 382 626 quae
394 553 570 625 praeredcnt,
590 554 674 610 terri-

86 630 171 686 bilius
184 627 321 695 judicium
341 625 418 698 quod
434 624 562 697 sequitur
581 630 675 683 osten·

87 702 167 757 ducit.
184 699 261 756 Unde
274 701 481 767 chrysostomus
497 721 503 752 ι
522 720 536 748 «
550 698 674 754 Terribi-

88 773 113 828 lc
131 776 175 828 est
198 771 266 826 illud
283 770 433 841 judicium.
451 776 480 824 ct
503 768 674 825 inevitabilis

85 849 127 900 est
143 859 237 916 piena,
262 850 290 899 ct
314 839 494 898 intolerabile
522 841 590 896 illud
615 847 673 897 tor-

86 926 222 971 mentum.
241 914 268 971 Si
289 920 382 971 autern
400 913 549 983 visaeque
566 912 672 968 bicda·

87 1004 117 1043 re
135 986 301 1055 vindictam,
324 988 443 1041 decerne
466 985 501 1040 dc
519 990 546 1040 tc
559 983 631 1052 inso,
645 989 674 1041 et

87 1065 185 1131 expete
200 1057 319 1131 ateipso
339 1073 434 1113 noxas.
456 1056 527 1112 Audi
557 1057 673 1112 Paulum

87 1131 252 1187 dicentem:
274 1131 352 1198 Quod
369 1132 394 1184 si
409 1131 588 1200 nosmetipsos
596 1129 672 1198 dijic-

88 1203 254 1270 dicaremus,
279 1204 450 1271 convicique
466 1201 672 1269 judicaremur;

87 1274 110 1330 si
125 1276 178 1331 boc
198 1272 310 1342 leceris,
326 1272 401 1328 viam
418 1271 584 1344 praevenies,
597 1277 623 1327 et
637 1272 674 1328 ad

88 1361 224 1403 coronam
240 1343 384 1402 devenies.
402 1365 416 1394 n
438 1346 482 1412 Et,
506 1351 536 1399 ut
552 1344 592 1400 ait
609 1347 673 1401 Ber-

91 1419 196 1473 nardus
210 1434 217 1472 t
237 1439 252 1468 «
266 1417 395 1484 Qualiter
409 1423 574 1487 expetamus
584 1414 674 1471 viudi-

89 1493 164 1544 ctam
178 1506 196 1545 a
208 1487 438 1559 nobismetipsis?
453 1491 537 1559 lugo,
553 1485 675 1555 ingemi·

91 1576 137 1615 sce
150 1574 257 1625 artiore,
271 1559 392 1614 humilia
414 1557 547 1629 teipsum,
565 1558 674 1628 vitupe-

92 1648 125 1686 ra
141 1636 178 1697 te,
194 1644 354 1685 rememora
369 1636 561 1700 peccatorum,
578 1645 677 1684 sccun-

89 1702 157 1757 dum
186 1702 320 1773 speciem.
349 1701 403 1767 Qui
427 1698 505 1755 enim
524 1700 591 1755 lacit
610 1701 675 1768 hoc,

92 1774 131 1828 ita
150 1778 366 1854 compungetur,
387 1776 417 1826 ut
439 1787 531 1843 neque
557 1771 614 1826 vita
637 1771 677 1826 oi-

88 1860 175 1917 gnum
188 1859 312 1917 seipsum
330 1859 392 1900 esse
409 1843 548 1912 aestimet3
565 1842 612 1915 qui
627 1860 677 1899 au·

427 373 584 430 siculae
610 373 734 433 ttulit
760 373 869 431 CAPUT
897 374 993 431 xttll

726 488 784 540 tem
798 483 854 539 hoc
869 480 1010 547 estimat,
1036 496 1109 538 cera
1127 482 1207 540 omni
1218 484 1309 543 molior

726 557 791 613 erit.
802 554 900 627 Neque
912 551 1005 613 icitur
1018 569 1115 627 parva
1129 554 1192 612 laaec
1206 557 1310 615 aestirms

727 643 801 695 esse,
817 631 866 683 sed
880 641 1034 696 congrega
1053 626 1170 693 omnia,
1186 634 1214 684 et
1232 629 1277 697 sic,
1288 638 1312 687 nt

727 699 756 755 in
769 698 858 756 libros
872 697 1016 754 scribe.Si
1028 700 1113 754 enim
1125 707 1156 755 tu
1171 700 1313 770 scripseris,

728 773 802 827 Deus
816 769 938 837 delebit;
956 767 1033 826 sicut
1047 768 1074 825 si
1092 776 1126 828 tu
1142 788 1210 839 uon,
1222 773 1313 845 cripse·

727 841 777 911 ris,
799 843 872 898 Deus
895 845 924 896 et
944 839 1094 898 inscribet
1122 848 1152 899 et
1178 844 1316 902 vindictam

726 918 848 979 exiietet.
867 913 988 969 Multum
1010 911 1108 986 igitur
1132 915 1237 973 melius
1258 923 1319 975 esta

728 984 809 1042 nobis
836 985 956 1041 inscribi
994 990 1023 1041 et
1057 984 1204 1044 divinitus
1232 988 1319 1057 deleri,

727 1073 812 1185 auam
827 1055 1001 1113 econtrario
1010 1057 1102 1114 nobis
1117 1058 1260 1116 oblivione
1274 1066 1321 1117 tra·

747 1129 873 1197 entibus,
891 1133 982 1185 Deum
1003 1145 1041 1186 ea
1057 1136 1133 1186 ante
1159 1131 1257 1188 oculos
1278 1149 1320 1189 no·

727 1211 802 1256 stros
816 1200 929 1265 offerre,
946 1200 1117 1258 secundum
1138 1202 1220 1260 diem
1242 1203 1320 1260 illam.

728 1274 763 1329 Ut
787 1271 874 1345 igitur
900 1273 954 1328 hoc
973 1288 1033 1328 non
1057 1272 1125 1342 fiat,
1157 1275 1320 1332 omniacun

728 1343 876 1414 diligentia
886 1345 1096 1415 recogitemus,
1108 1352 1139 1402 et
1150 1345 1317 1404 inveniemus

730 1415 825 1471 multis
854 1414 1053 1485 nosmetipsos
1086 1417 1243 1474 obnoxios.
1265 1420 1321 1487 Oua

730 1486 794 1543 litor
804 1486 890 1558 igitur
902 1491 944 1542 est
957 1487 1082 1556 salvari,
1097 1488 1172 1546 ais?
1187 1490 1320 1547 Contrane

730 1558 775 1614 his
799 1558 921 1614 iorinata
948 1566 1110 1628 ponentes.
1144 1562 1319 1618 Attendamus

730 1629 858 1700 igituret
878 1646 930 1701 per
957 1630 1061 1687 omnia
1082 1632 1212 1690 vulnera
1233 1650 1319 1706 expur-

730 1717 839 1773 gemus.
859 1703 898 1756 lta
919 1701 996 1758 enim
1022 1704 1197 1775 poterimus
1214 1713 1242 1763 et
1255 1704 1319 1777 igno

731 1772 838 1829 scentia
850 1771 1020 1830 delictorum
1038 1775 1144 1846 potiri,
1163 1784 1194 1833 et
1214 1779 1315 1848 promis

732 1844 771 1900 sis
784 1843 890 1918 perfrui
906 1845 992 1903 bonis
1016 1865 1024 1906 :
1046 1868 1062 1897 »
1080 1848 1150 1906 haec
1164 1849 1317 1908 Bcrnordu.

647 2040 777 2098 ORATIO

129 2222 246 2281 Domine
259 2225 326 2280 lesu
351 2221 471 2289 Christe,
487 2220 524 2278 da
537 2221 604 2277 mibi
621 2221 724 2278 imitari
741 2223 822 2294 signa
833 2190 867 2279 Ν
877 2221 949 2291 sole,
965 2222 1035 2280 luna
1063 2231 1093 2281 et
1106 2226 1212 2295 stellis,
1227 2226 1275 2283 boc
1286 2227 1320 2281 est

95 2296 234 2352 honorum
259 2309 377 2373 operum
393 2293 521 2365 exempla
540 2295 566 2348 in
591 2299 618 2349 tc
636 2293 700 2351 Sole
714 2294 833 2367 justitiae
848 2304 877 2351 o„
890 2299 984 2351 matre
999 2294 1135 2368 Virgine,
1157 2306 1188 2355 et
1202 2302 1230 2355 in
1244 2295 1319 2353 omni·

96 2368 149 2422 bus
176 2363 286 2421 Sanctis
311 2368 380 2431 tuis,
396 2368 428 2420 ut
443 2366 493 2420 liat
510 2364 538 2419 in
560 2373 638 2421 terra
653 2365 828 2423 carnalitatis
845 2382 917 2422 mere
938 2381 1075 2437 pressura
1090 2371 1235 2439 gentium,
1251 2369 1319 2426 idest

95 2442 221 2493 motuum
237 2434 500 2491 incircumcisorum
516 2453 574 2507 prae
600 2438 765 2495 cirnl'usione
784 2437 895 2495 sonitus
910 2437 1102 2495 consessionis
1122 2448 1152 2497 et
1166 2442 1251 2498 maris
1263 2455 1319 2496 con-

95 2507 227 2576 tritionis,
243 2513 271 2563 et
285 2507 483 2564 fluctuantium
502 2508 700 2580 afflictionum,
714 2509 910 2567 arescentibus
926 2509 955 2564 in
971 2524 1017 2564 me
1032 2510 1173 2569 humanis
1192 2510 1318 2581 concupi·

95 2580 220 2647 scentiis,
239 2595 298 2651 prae
311 2578 414 2636 timore
431 2581 569 2651 gchennae
585 2590 613 2636 et
627 2583 836 2654 exspectatione
855 2580 953 2652 gloriae
968 2596 1033 2651 quae
1051 2584 1259 2653 supervenient
1271 2580 1320 2639 uni·

94 2669 176 2709 verso
192 2652 266 2721 orbi,
282 2651 396 2722 quando
414 2651 568 2722 unicuique
582 2656 736 2710 secuudum
749 2670 836 2726 opera
849 2670 899 2710 sua
911 2652 1013 2721 dahis;
1031 2652 1159 2713 virtutes
1175 2655 1260 2713 etiam
1271 2669 1317 2711 ce·

96 2725 198 2792 lorum,
214 2722 321 2780 scilicet
336 2722 469 2794 potentia
485 2724 589 2781 animae
608 2731 776 2783 moveantur
790 2725 826 2783 de
840 2724 944 2782 virtute
958 2727 989 2781 in
1004 2724 1158 2798 virtutem,
1171 2733 1203 2786 ut
1216 2734 1317 2801 paratus

101 2795 231 2854 inveniar
243 2793 273 2853 in
284 2795 409 2854 adventu
422 2801 480 2853 tuo.
497 2798 596 2855 Amen.

580 3142 717 3217 CAPUT
749 3142 850 3216 XLlll

471 3363 509 3412 illi
533 3368 672 3415 nomnen
694 3366 811 3415 cumsal
830 3366 952 3414 tumus.

411 3535 536 3592 Matthaei
552 3552 614 3609 cap.
629 3538 713 3596 XXIV
727 3542 756 3595 ot
777 3538 858 3596 Lucae
873 3553 934 3612 cap.
951 3539 1021 3599 lllll.

141 3748 151 3783 1
167 3728 315 3784 desummo
332 3742 434 3795 cnnms,
454 3742 488 3782 nr
506 3743 605 3783 uonna
618 3728 684 3783 Fran

101 3817 222 3856 soumis.
239 3832 263 3839 --
283 3802 318 3855 Et
333 3798 524 3867 tunc,scilicet
538 3805 602 3872 post
616 3816 686 3871 prae·

101 3871 176 3928 dicta
196 3873 277 3944 signa
297 3887 346 3940 per
361 3869 514 3926 Dominum
526 3877 614 3937 tacta,
630 3890 684 3943 pn·

101 3945 172 3999 rebit
194 3945 265 4000 bora
289 3958 345 4013 qiia
372 3957 427 3998 non
461 3948 589 4014 putatur,
614 3944 685 3998 hora

104 4015 179 4070 enim
196 4014 294 4085 judicii
315 4013 473 4086 ignoratur,
493 4018 602 4082 signum
618 4016 687 4070 Filii

101 4088 229 4154 barcinis,
256 4084 363 4143 scilicet
393 4086 504 4157 siguum
528 4085 631 4150 crucis,
656 4090 686 4141 in

98 4160 171 4219 coeto,
187 4160 240 4214 boc
255 4163 297 4214 est
320 4157 348 4214 iu
371 4173 447 4225 aere,
463 4156 510 4229 qui
531 4159 685 4227 aliquando

97 4228 127 4284 in
145 4228 203 4285 Scri
227 4236 289 4286 tura
304 4229 407 4285 coelum
423 4235 556 4291 vocatum
576 4234 606 4284 ut
619 4245 684 4300 pas·

102 4316 150 4356 sus
165 4302 195 4356 in
207 4245 369 4356 bumilitate
385 4299 569 4372 ignominiam
584 4300 684 4369 crucis,

100 4370 231 4428 ostendat
256 4370 285 4426 in
319 4387 370 4428 sua
401 4372 517 4431 veniens
537 4373 686 4446 majestate

741 3728 894 3785 salutarem
936 3728 1057 3786 fructum
1093 3735 1123 3787 et
1159 3730 1188 3786 di
1210 3729 1307 3788 nitabd

739 3801 866 3871 ejusdem
889 3801 1021 3873 gloriosae
1038 3800 1140 3859 crucis.
1159 3747 1256 3859 Fiiium
1268 3801 1305 3856 bo·

740 3872 834 3933 minis,
852 3889 908 3929 uon
925 3871 1024 3930 lilium
1041 3872 1090 3929 Dei
1113 3890 1144 3930 se
1163 3875 1208 3930 hic
1222 3869 1305 3947 appel·

739 3943 789 4011 lat,
808 3943 875 4015 qnia
893 3961 949 4001 non
964 3943 993 4000 in
1016 3945 1184 4015 corrinnei,
1203 3950 1248 4002 sed
1268 3943 1304 3999 ho

740 4014 826 4071 minis
847 4016 997 4087 judicabit.
1022 4017 1227 4075 Secundumc
1270 4028 1303 4069 sc

739 4093 865 4154 stomum,
881 4104 948 4144 crux
964 4088 1112 4160 apparebit
1127 4090 1188 4147 sole
1200 4090 1256 4146 lucu
1267 4099 1304 4141 ea·

739 4157 795 4213 tior
822 4159 956 4228 existens,
979 4167 1084 4217 utnon
1103 4160 1141 4218 sit
1169 4156 1302 4218 necessitas

739 4229 929 4287 accusationis
956 4247 1019 4288 cum
1047 4231 1171 4290 viderint
1199 4240 1300 4291 crucem,

740 4301 790 4358 sed
802 4317 854 4373 per
869 4320 910 4373 se,
930 4302 992 4360 sine
1011 4304 1194 4363 excusatione
1213 4299 1298 4360 conde

739 4375 865 4434 mnabile
887 4390 985 4465 eorum
1001 4374 1144 4435 officiatur
1166 4378 1299 4451 peecatum·
