2820 4928
88 352 120 401 tte
437 347 596 401 sluttere
625 348 743 403 latetis
771 347 880 401 tlt'ttt
909 348 974 399 Xll'

88 460 120 513 Et
135 456 201 513 licet
219 452 357 529 postremi
374 450 522 524 equaliter
535 468 675 509 reniime-
730 454 816 525 plena
830 452 1001 510 ostendatur
1011 452 1156 511 voluutas
1172 453 1277 521 divina,
1287 453 1325 509 ad·

88 535 186 585 rentur
201 543 264 583 etim
281 524 388 598 primis,
407 528 574 580 nontamen
590 525 675 581 stulte
730 526 772 581 dit
783 543 789 581 :
799 526 845 581 An
859 527 953 581 ocutus
969 530 1049 589 tuus,
1062 524 1090 581 te
1108 530 1156 583 est
1171 524 1323 581 considera·

88 601 205 655 (litteras
228 596 368 664 eonrerti,
384 596 427 650 vel
451 596 525 651 liene
550 594 673 666 onerari,
731 596 770 652 tie
785 602 1022 667 tua,nequemest
1038 600 1070 652 et
1088 596 1256 669 inaequalis.
1267 600 1321 668 qnia

90 688 178 741 restrui)
193 670 229 725 ad
248 667 429 724 undecimam
443 667 542 721 horam
559 672 588 723 et
605 666 674 723 ulti·
730 685 778 735 cqo
793 669 877 724 bouus
892 684 964 733 sum,
981 667 1097 725 scilicet
1117 685 1156 727 et
1171 674 1271 725 nelina
1284 670 1319 723 bo

88 758 166 798 rnutn
179 739 332 810 terimorisc
347 755 382 794 ne
393 744 459 793 tunc
475 737 560 793 nimis
575 754 674 793 onera·
729 740 825 795 nitatis
851 756 922 796 meae
948 740 1143 797 abundanter
1168 738 1319 797 communi-

87 820 133 869 tus
149 812 281 882 peccatis,
293 812 402 867 habens
417 826 467 865 cor
479 808 672 877 imeceniteus,
730 811 819 867 cans?
831 812 911 867 Unde
925 809 994 867 dicit
1009 828 1016 866 :
1032 827 1180 883 neqitam,
1198 828 1253 868 non
1267 827 1320 883 pro

89 883 236 940 exonerari
252 888 310 940 nen
322 881 424 955 pressis,
438 882 480 935 vel
496 879 518 935 si
533 880 675 951 paenitens
729 886 793 954 pter
812 882 937 949 cuinam.
953 883 1002 938 sed
1024 888 1153 953 promer
1168 884 1319 940 considera·

88 951 675 1025 admultamurepeccatissatislactionem
730 953 816 1009 tionis
846 952 1094 1025 inequalitatem
1122 956 1198 1026 quia
1218 954 1265 1011 illa
1281 952 1319 1010 ad

87 1026 220 1084 tenearis.
238 1026 376 1082 stramen
396 1039 486 1095 usque
501 1024 537 1080 ad
554 1025 675 1079 undeci-
731 1025 845 1081 miratio
873 1024 1003 1097 procedit
1031 1042 1067 1081 ex
1112 1025 1319 1097 comparatione

90 1114 164 1155 ruam
180 1097 311 1155 distulisti
327 1098 399 1154 berre
414 1097 524 1163 vivere;
543 1112 595 1152 nec
607 1103 676 1150 tunc
731 1096 835 1153 divinae
852 1095 973 1167 justitiae
989 1098 1192 1168 magisteriam
1207 1096 1321 1170 eiusni·

88 1170 217 1237 desidite,
234 1170 284 1226 sed
299 1167 390 1240 magis
406 1183 490 1240 mam
506 1167 585 1237 prius
600 1182 676 1223 exer·
730 1168 895 1225 sericordite
919 1167 1050 1225 inlinitae.
1072 1168 1131 1225 Uni
1154 1170 1319 1239 Grecos-ius:

89 1242 214 1299 citationi
236 1241 339 1298 animae
358 1241 484 1296 intende.
507 1240 586 1295 Unde
607 1240 673 1293 Tul·
731 1258 745 1291 a
766 1240 859 1297 Stulta
878 1244 919 1295 est
933 1238 1054 1311 quaestio
1072 1241 1217 1307 hominis,
1236 1246 1322 1298 contre

89 1316 144 1371 lius
172 1334 181 1370 z
213 1336 227 1366 «
256 1312 377 1370 Senibus
407 1311 520 1368 labores
547 1309 676 1381 corporis
730 1311 781 1368 liei
807 1313 973 1368 beatitatem.
996 1312 1247 1382 Conquerenduru
1269 1310 1322 1383 qui·

90 1385 250 1454 minuendi,
265 1382 482 1441 exercitationes
501 1381 604 1438 animan
623 1397 675 1437 au·
730 1383 795 1439 dem
822 1390 907 1449 esset,
924 1385 947 1439 si
963 1398 1021 1439 non
1037 1384 1126 1439 daret
1143 1385 1224 1455 quod
1251 1384 1321 1439 debe

90 1460 189 1530 genitae
215 1459 361 1522 videntum
377 1460 406 1509 et
428 1453 468 1509 ita
490 1454 559 1509 niiiil
585 1452 675 1524 inagis
730 1460 788 1521 rct;
809 1472 864 1511 non
882 1456 905 1510 si
921 1455 971 1511 dat
987 1456 1063 1525 quod
1081 1454 1187 1512 debet.
1206 1476 1223 1507 n
1251 1455 1320 1511 Unde

90 1530 248 1585 cateridem
273 1533 316 1583 est
344 1523 498 1593 senectuti,
527 1540 613 1596 qtiarn
638 1542 675 1581 ne
730 1534 760 1583 et
775 1528 1004 1597 chrysostomus:
1023 1547 1039 1577 «
1057 1528 1099 1582 lle
1114 1527 1182 1599 ejus
1199 1527 1268 1585 dato
1280 1542 1320 1582 ue

89 1599 222 1669 larrguori
252 1596 426 1667 desidiaeque
455 1598 629 1651 succurrebat.
658 1618 673 1647 »
732 1615 777 1654 mo
792 1600 866 1670 juste
883 1596 1320 1683 murmuratquiampliusdal

90 1671 245 1731 ltloraliter,
256 1667 302 1725 isti
322 1671 533 1723 murmurantes
553 1666 675 1737 liguram
731 1686 815 1742 quam
831 1672 916 1727 homo
935 1667 1089 1725 desiderat.
1108 1690 1124 1719 e
1141 1672 1252 1729 Ultimo
1263 1684 1320 1727 cen·

90 1750 188 1798 tenent
201 1740 388 1812 quorumdam
405 1738 610 1806 claustralium,
626 1740 674 1810 qui
731 1742 848 1798 cludens
862 1742 1038 1811 iiarabolam.
1055 1739 1156 1797 dicit:
1173 1746 1236 1803 Sic.
1254 1740 1320 1799 scili·

90 1829 124 1870 eo
147 1818 221 1884 quot
238 1810 343 1868 diutius
364 1811 479 1866 luerunt
504 1809 532 1866 in
552 1811 675 1867 clau=tro
730 1822 784 1879 cet,
801 1820 832 1870 ut
845 1820 988 1869 ostensum
1011 1816 1065 1881 est,
1086 1819 1171 1869 munt
1186 1813 1322 1872 noeustnt

90 1881 362 1952 murmurant,sieis
383 1886 586 1953 praeponantur
601 1882 676 1953 juni·
729 1888 826 1958 priam,
849 1891 875 1941 et
890 1887 976 1957 primi
997 1887 1170 1951 nouissimi:
1192 1894 1227 1943 ut
1253 1884 1322 1942 nulle

91 1974 166 2025 ores,
180 1956 223 2013 ret
240 1954 434 2028 parificentur.
450 1955 528 2011 Unde
539 1954 678 2011 docentur
731 1958 768 2013 sit
782 1956 956 2022 differentia,
976 1955 1117 2027 temporis
1132 1973 1236 2015 causa.
1253 1958 1322 2027 Seue

90 2029 136 2087 liic
159 2028 287 2086 seniores
304 2026 470 2084 claustrales
493 2044 549 2083 non
572 2028 677 2083 debere
731 2028 809 2085 enim
828 2028 879 2099 illi,
904 2030 951 2099 qui
966 2027 1002 2083 ad
1030 2027 1322 2098 iroenitentiaintarde

89 2116 280 2169 murmurare,
294 2098 316 2155 si
330 2098 445 2155 rideant
470 2098 581 2169 aliquos
598 2097 676 2169 juni·
730 2100 860 2168 veniunt,
884 2099 968 2155 citius
987 2108 1221 2159 remunerantur
1247 2114 1321 2173 quate

93 2189 158 2229 oros
172 2173 214 2228 eis
232 2172 352 2243 aequari.
366 2173 409 2225 sel
424 2172 510 2225 etiam
523 2186 551 2225 in
574 2169 677 2224 olliciis
731 2171 782 2240 illi,
799 2170 847 2243 qui
861 2172 1025 2242 tetnpestire
1043 2170 1177 2235 veniunt,
1200 2171 1271 2244 quia
1285 2172 1321 2227 ci·

90 2242 234 2316 praeferri,
267 2247 295 2297 et
323 2241 387 2312 plus
413 2241 559 2296 honorari.
591 2242 675 2308 ltenr,
731 2244 787 2299 tius
801 2245 835 2297 de
850 2258 970 2312 corpore
985 2239 1318 2315 exeunt3s·el,saeneilli

91 2314 233 2371 daturlrie
248 2314 449 2368 detruncenturn
463 2312 538 2382 quod
552 2311 675 2383 religiosi
731 2314 779 2387 qui
799 2315 879 2371 tarde
901 2314 936 2369 ad
963 2313 1168 2385 paenitentiam
1199 2318 1319 2381 veniunt,

90 2402 149 2443 non
165 2385 271 2441 debent
286 2383 381 2439 lacere
393 2382 619 2453 comparationes
633 2382 676 2439 sui
731 2393 859 2457 ternpore
878 2386 1045 2458 praecedunt
1063 2386 1139 2442 alios
1157 2388 1189 2443 in
1205 2388 1319 2453 terrore,

91 2457 128 2515 ad
145 2456 227 2523 alios,
241 2452 321 2526 quasi
336 2454 386 2524 ipsi
403 2455 466 2536 plus
481 2455 606 2510 serviant
620 2456 676 2510 lieo
732 2457 805 2514 sient
821 2456 849 2512 in
866 2457 968 2513 itinere
983 2462 1146 2524 consuevit,
1163 2464 1197 2514 ut
1211 2457 1319 2531 quitar-

91 2543 177 2601 quam
192 2530 352 2593 seculares;
366 2540 433 2596 qiiia
453 2542 529 2596 saepe
549 2525 677 2582 ridemus
733 2532 796 2585 dius
809 2528 949 2595 exierunt,
964 2527 1116 2585 velocitate
1125 2545 1243 2587 moram
1255 2544 1319 2586 con·

93 2599 169 2672 qued
196 2597 311 2671 quidam
337 2598 508 2653 secularium
528 2604 678 2667 metuantur
734 2608 869 2672 prensent3
884 2600 938 2665 rel,
952 2598 1319 2669 illiquisuntnovissimiin

92 2669 203 2728 meritis
215 2670 403 2742 quorumdam
417 2667 676 2740 religiosorum,vel
732 2672 823 2729 oculis
841 2672 900 2726 suis
913 2677 979 2726 sunt
994 2672 1078 2740 primi
1098 2671 1130 2727 in
1148 2673 1244 2729 oculis
1256 2670 1317 2740 llei;

93 2742 192 2812 etiam,
206 2759 254 2798 eos
266 2744 406 2798 excedunt
416 2756 468 2812 per
482 2740 624 2796 meritum.
733 2743 788 2812 vel,
807 2742 846 2799 illi
864 2744 913 2814 qui
929 2740 1073 2797 durissimi
1094 2742 1212 2814 judicio
1233 2741 1319 2801 horni-

126 2820 142 2871 8
163 2816 316 2871 Resrousio
331 2830 550 2869 rnrnisraumus
563 2830 595 2867 sc
613 2829 678 2867 con·
734 2831 801 2871 niam
822 2824 899 2879 sunt,
919 2828 993 2885 sape
1016 2820 1084 2869 suut
1107 2813 1197 2885 numi
1221 2812 1319 2888 judicie

91 2904 184 2945 censio
207 2902 363 2943 samsona.
381 2916 415 2926 -
439 2888 480 2942 At
501 2886 549 2940 itte
567 2900 678 2955 respou-
735 2886 796 2955 Dei,
816 2886 882 2957 qula
898 2888 973 2942 Dens
992 2902 1052 2941 non
1067 2885 1242 2943 considerat
1255 2892 1319 2944 exte·

93 2962 159 3017 dens
171 2962 221 3016 uni
235 2959 420 3029 eorumdinit,
434 2959 510 3029 quod
522 2964 616 3013 autem
631 2957 678 3012 uni
734 2958 811 3014 riora
832 2956 968 3023 hominis,
990 2957 1040 3013 sed
1066 2958 1211 3015 interiora
1224 2955 1318 3015 cordis

90 3033 171 3101 duit,
194 3030 326 3089 omnibus
345 3030 431 3100 dixit,
451 3031 493 3085 vel
526 3028 584 3095 uui,
613 3026 681 3099 quia
735 3028 869 3095 Qiramvis
885 3036 981 3084 autern
995 3027 1124 3086 audieris
1139 3027 1171 3085 in
1195 3029 1320 3099 parabole

91 3119 149 3161 uua
165 3109 191 3161 et
208 3102 326 3175 aeqiialis
340 3108 402 3158 erat
420 3100 553 3158 omnibus
568 3099 679 3156 occasio
734 3117 833 3158 omues
852 3099 996 3171 accepisse
1020 3099 1154 3172 singulos
1177 3100 1318 3165 denarium

91 3174 288 3231 murmurandi
306 3175 432 3235 :Amice
457 3190 512 3229 non
536 3172 680 3240 suciotilri
736 3190 792 3229 ticin
821 3177 917 3228 tamen
944 3180 1027 3243 putes
1046 3173 1215 3229 omnes-ad
1245 3172 1319 3230 lident

90 3247 235 3314 injurium,
251 3243 319 3315 quia
335 3245 439 3315 iniuria
454 3260 512 3298 non
528 3244 615 3298 haliet
632 3244 680 3299 lo·
734 3248 848 3301 vocatos
859 3242 945 3299 citam
957 3251 1094 3299 aeternam
1108 3252 1290 3313 accepturus.

92 3332 156 3372 curn
174 3318 221 3372 ubi
237 3323 280 3372 est
293 3330 371 3371 mera
395 3316 506 3385 gratia3
525 3319 553 3368 ct
576 3312 641 3369 ideo
656 3316 680 3370 si
770 3317 885 3390 9l‘neci
901 3331 1043 3370 seclusus.
1065 3345 1097 3355 -
1115 3315 1199 3372 liade
1214 3315 1319 3372 additur

92 3387 159 3443 lacit
173 3391 201 3443 et
215 3385 394 3457 deigratiam
409 3384 468 3454 uni,
489 3401 545 3440 non
562 3385 628 3440 lacit
640 3387 681 3442 in·
734 3387 877 3444 sententia
902 3386 985 3443 valde
1015 3386 1174 3442 metuenda
1206 3404 1215 3443 t
1243 3384 1318 3444 uem

87 3458 194 3530 jucium
218 3456 311 3513 alteri.
335 3460 430 3515 Nonne
451 3474 486 3511 ec
511 3456 635 3520 denario,
652 3464 680 3514 et
734 3463 806 3515 enim
821 3457 978 3530 deprimis,
992 3458 1028 3514 de
1042 3456 1147 3527 tertiis,
1163 3458 1263 3527 scintis,
1277 3473 1317 3514 ne·

90 3546 142 3601 pro
168 3528 321 3596 mercede,
353 3531 504 3585 convenisti
528 3544 631 3583 mecum
661 3545 679 3585 a
702 3568 706 3633 Ι
733 3534 788 3593 nis,
807 3540 836 3587 et
851 3528 1317 3595 novissiurissuuteoceti,scilicet

114 3600 253 3672 iincipioi
270 3602 345 3656 Tolle
357 3601 431 3672 quod
447 3607 524 3657 tuum
540 3604 679 3671 est,quasi
703 3636 705 3667 ,
733 3604 768 3659 ad
786 3602 872 3659 sidem
888 3609 917 3657 et
933 3600 1067 3657 meritum
1078 3601 1145 3670 ;scd
1154 3600 1191 3657 de
1202 3601 1249 3659 liis
1261 3614 1317 3658 ont·

89 3617 226 3730 diceret:
253 3674 373 3729 Paratus
399 3689 461 3729 sum
487 3672 538 3729 tibi
558 3673 678 3729 reddere
702 3672 705 3703 ¹
732 3675 816 3730 nibus
829 3676 913 3745 penei
927 3689 990 3729 cero
1005 3678 1068 3729 sunt
1089 3674 1181 3737 electi,
1197 3674 1235 3730 ad
1256 3674 1315 3751 tea

89 3745 250 3802 mercedem
266 3752 360 3813 tuam;
374 3751 400 3801 et
420 3746 500 3811 eade,
514 3745 541 3801 id
555 3753 599 3801 est
612 3768 619 3801 :
634 3747 677 3800 in·
731 3744 862 3802 titudinis
879 3744 1028 3815 orantum
1047 3747 1075 3799 et
1092 3759 1228 3817 regnum.
1246 3743 1315 3801 llulti

89 3822 135 3874 tre
146 3816 318 3887 incardium
326 3820 436 3873 Domini
448 3821 490 3872 tui
563 3817 678 3873 Annon
732 3823 798 3872 sunt
823 3816 859 3872 de
880 3815 1005 3872 Ecclesia
1027 3813 1180 3883 militante,
1196 3814 1246 3888 qui
1264 3828 1315 3872 nen

89 3891 153 3947 ticet
166 3891 236 3946 milti
252 3888 326 3959 quod
340 3890 401 3944 colo
414 3891 525 3956 toene?
540 3887 624 3956 Quasi
638 3888 678 3943 di·
730 3893 814 3945 erunt
827 3886 856 3944 in
867 3887 992 3943 Ecclesia
1003 3887 1210 3958 triumphante.
1224 3890 1255 3943 tn
1266 3900 1315 3957 que

89 3968 167 4019 cenet
191 3979 199 4017 z
220 3960 276 4029 Sic,
296 3961 363 4031 quia
377 3964 506 4014 voluntas
524 3962 574 4015 Dei
598 3959 676 4015 ncillo
700 3982 704 4007 i
731 3975 836 4030 paucos
852 3958 979 4016 ostendit
994 3973 1056 4014 esse
1071 3974 1121 4013 eos
1139 3958 1190 4029 qui
1213 3958 1315 4037 salcau3

88 4036 174 4091 modo
202 4033 321 4090 distorta
338 4047 399 4088 esse
419 4036 523 4102 potest,
542 4031 618 4087 unde
637 4028 675 4086 si·
729 4038 786 4099 tur,
810 4030 846 4085 ad
873 4028 1119 4099 comparationem
1146 4044 1248 4085 eorum
1273 4042 1316 4100 qut

109 4113 212 4163 naliter
226 4104 314 4161 dicit:
330 4103 409 4172 Quod
424 4104 500 4157 coto.
514 4101 584 4169 Quia
600 4101 676 4157 enirn
699 4136 703 4191 Ι
730 4101 918 4174 persingulas
932 4100 1316 4171 horastocantur,quia,se-

86 4121 161 4233 geue
174 4179 244 4247 vult,
259 4175 325 4233 ideo
341 4175 468 4242 licitum3
485 4189 538 4228 nos
558 4175 625 4245 quia
642 4174 675 4228 li·
699 4196 702 4213 ι
730 4174 855 4231 eundum
874 4174 1047 4241 Gereonium.
1066 4174 1102 4227 ad
1118 4170 1207 4227 tidem
1227 4171 1317 4241 plures

85 4247 184 4317 eitum,
202 4249 266 4305 ideo
283 4250 424 4305 volumus.
445 4248 479 4302 Et
505 4249 535 4301 ut
558 4262 613 4300 iren
629 4260 675 4300 so·
699 4220 702 4315 Ι
728 4244 856 4315 veninat,
868 4245 969 4373 cilum
984 4244 1118 4299 Ecclesiae
1133 4244 1259 4314 parietes
1272 4246 1317 4297 im·

84 4317 145 4377 lum
177 4322 277 4389 licita,
306 4319 357 4377 sed
384 4320 472 4377 ctiam
499 4315 702 4391 benignitate!
729 4319 866 4389 plent;se
910 4315 1078 4374 adcoeleste
1096 4329 1221 4386 regnum
1239 4315 1316 4386 pauci
