2820 4928
127 336 158 390 :tt
495 333 653 387 suceide
682 330 802 387 luitis
830 326 927 383 Uilli
956 324 972 377 l·

129 438 250 497 invicem
264 438 375 496 honore
391 437 548 510 praevenire
563 441 715 495 certarent.

130 513 192 569 lton
212 509 314 568 asserit
339 509 446 578 illoesa,
463 509 539 581 quod
559 507 599 566 ita
623 508 717 578 luerit,

130 584 181 641 sed
194 584 269 654 quod
281 584 319 637 ita
329 596 392 637 esse
406 579 540 653 potuerit.
554 582 717 638 Secundum

130 670 199 710 iero
211 654 441 722 chrysostomum,
452 652 596 709 contentio
605 651 658 707 isla
666 652 718 709 luit

131 723 278 793 elationis;
295 723 370 780 unde
383 723 461 791 dicit,
474 724 551 795 quod
564 722 639 796 passi
652 728 718 780 suut

130 795 236 866 aliquid
248 796 405 853 humanum
416 794 558 867 discipuli,
570 795 604 852 de
616 793 729 867 princi-'

130 872 199 939 patu
209 871 238 923 et
247 866 408 939 majoritate
417 868 630 924 contendentes.
643 868 676 922 Et
685 865 717 922 li·

131 943 176 996 cet
187 937 273 995 luerit
281 938 337 995 ista
346 938 490 996 contentio
499 940 533 994 de
548 936 717 1010 principatu,

129 1017 300 1067 nontamen
321 1008 359 1067 ibi
375 1009 427 1067 luit
450 1014 597 1084 peccalum
617 1025 717 1066 secuu-

130 1081 198 1139 dum
210 1080 389 1154 ipsum,quia
399 1082 500 1139 nonde
510 1080 718 1154 principalibus

132 1154 256 1211 terrenis
264 1153 483 1222 contendebant,
495 1153 544 1210 sed
556 1154 592 1211 de
605 1152 718 1225 spiritu-

132 1225 225 1283 alibus
237 1225 266 1283 in
281 1225 361 1282 coelo.
376 1225 454 1282 Unde
467 1226 635 1282 llattbaeus:
652 1227 718 1293 Quis

127 1303 214 1426 plutas
233 1298 325 1366 maior
348 1303 389 1353 est
408 1300 439 1352 iri
465 1314 548 1366 reptio
567 1299 719 1353 catorum?

158 1387 192 1427 oc
210 1367 385 1426 infirmitatis
397 1371 469 1437 erat,
478 1374 510 1425 ut
524 1368 593 1424 dicit
606 1370 719 1437 Gbryso·

131 1445 245 1510 stamar,
270 1456 322 1496 nos
347 1446 442 1496 aulem
463 1439 498 1495 ad
522 1438 718 1495 inllrmitalem

133 1507 718 1582 eorumnondumpervenimus,nouenim

133 1580 380 1652 querimuszoais
390 1580 719 1649 majoresta'nrepaoaoe-

133 1654 241 1719 loramr
262 1649 313 1708 sed
333 1649 517 1732 quislmajor,
538 1649 600 1722 quis
617 1649 719 1723 copio-

135 1723 205 1793 sior,
220 1721 283 1795 quis
302 1727 446 1794 potentior
461 1738 491 1777 in
507 1738 597 1793 regno
616 1725 720 1780 terrael

168 1819 184 1868 7
203 1795 335 1851 Cunisrus
351 1809 492 1850 rinvuiua
509 1811 647 1851 invocaris
665 1812 720 1852 iiuii

135 1884 276 1924 munima
296 1881 443 1923 bisauciis
467 1882 609 1922 ruororiir.
630 1897 665 1908 -
687 1869 721 1922 Et

133 1937 212 2067 poia,
237 1938 266 1995 in
297 1938 463 2008 moralibus,
483 1937 574 2012 magis
607 1943 720 1995 mouent

145 2017 209 2067 acta
233 2026 317 2093 quam
343 2012 442 2082 verba,
461 2015 560 2069 volens
583 2009 720 2068 Dominus

134 2084 297 2154 superbiam
319 2098 417 2140 eorum
439 2084 604 2152 retundere,
621 2089 649 2139 et
671 2098 720 2140 eos

136 2153 171 2210 de
193 2154 351 2210 bumilitate
374 2155 488 2223 docere,
511 2157 659 2226 proposuit
679 2153 721 2210 eis

135 2223 305 2281 humilitalis
329 2225 488 2296 exemplum
513 2225 646 2280 sensibile
663 2241 670 2278 ε
685 2228 722 2280 st

135 2296 273 2352 advocans
286 2297 445 2366 pareutum,
461 2301 545 2353 aetale
560 2302 588 2352 et
602 2294 720 2361 matilia,

135 2381 220 2440 quem
235 2368 354 2423 tradunt
370 2366 485 2438 quidam
504 2368 590 2424 luisse
606 2367 721 2424 Martia·

135 2438 204 2506 lein,
238 2442 266 2494 ui
277 2446 405 2511 posteaa
420 2439 503 2496 beato
518 2441 602 2496 Petro
617 2438 721 2496 missus

134 2508 165 2566 in
173 2453 293 2567 Uafliam
300 2507 467 2637 praedicavit
476 2511 722 2568 lemovicensibus

137 2581 225 2638 lldem
253 2586 299 2638 cat
320 2580 437 2650 alicam,
460 2597 581 2708 (piorum
611 2582 721 2655 prinius

135 2651 291 2724 Episcopus
314 2658 342 2709 et
360 2654 466 2724 Aposto
480 2668 512 2709 us
535 2652 598 2722 luit,
624 2653 672 2736 qui
691 2652 721 2709 iii

135 2728 241 2780 vertice
256 2722 424 2781 humilitatis
436 2729 464 2781 el
478 2723 602 2797 puritate
617 2724 723 2796 simpli-

136 2794 230 2853 citatis
241 2811 300 2868 prae
312 2794 444 2852 omnibus
455 2795 592 2852 excellere
605 2796 722 2853 videba-

136 2872 200 2938 tur;
220 2871 322 2925 statuit
333 2884 394 2924 eam
406 2883 458 2940 pro
473 2867 612 2950 exemplo,
624 2871 654 2925 in
666 2884 722 2923 me-

135 2940 182 2996 dio
195 2955 297 3006 aarum,
306 2944 337 2998 ut
349 2940 385 2998 ab
396 2939 528 2998 omnibus
541 2941 685 2998 rideretur
694 2945 723 2997 et

134 3016 244 3070 attente
254 3013 495 3083 consideraretur,
504 3012 547 3070 cui
560 3011 679 3085 quilibet
691 3028 722 3069 se

136 3091 378 3142 commensuraret
399 3089 427 3141 et
448 3084 585 3141 imitando
609 3085 721 3142 contor-

138 3162 239 3211 maret.
256 3158 289 3211 Et
306 3156 407 3212 merito
426 3156 574 3227 parvulum
591 3155 721 3224 advocat,

135 3228 178 3294 ut,
197 3224 246 3295 qui
268 3227 392 3296 majores
419 3225 508 3281 rideri
534 3224 643 3290 volunt,
661 3228 722 3297 ejus

134 3295 263 3367 exemplo
274 3295 463 3365 instruantur,
474 3305 503 3352 et
516 3294 620 3352 eumin
632 3295 724 3353 hoini-

772 438 887 511 poriiali
901 440 967 493 sunt
989 437 1139 491 naturaei
1160 449 1215 507 per
1239 439 1364 499 aetalem,

773 508 882 566 scilicet
896 525 903 565 ε
918 506 1002 563 mites
1013 511 1042 563 et
1059 507 1239 575 innocentes,
1254 505 1364 578 simpli·

774 597 821 639 ces
835 586 863 637 et
877 578 1058 645 humilesne
1072 577 1151 650 parvi
1169 582 1271 635 vestra
1285 594 1364 650 repu-

772 652 897 722 tatione;
913 667 969 708 non
984 649 1076 706 solum
1089 650 1216 721 majores
1229 648 1264 705 in
1276 665 1362 721 regno

772 724 909 781 coelorum
924 739 982 779 non
996 720 1087 790 eritis,
1100 721 1295 778 verumetiam
1313 736 1363 776 riori
1406 757 1409 767 ·

772 797 916 852 intrabitis
927 798 957 850 in
970 810 1053 863 reoao
1068 794 1196 850 aetorum
1210 815 1217 850 ε
1232 796 1306 865 quia
1316 808 1364 848 nee

772 866 802 923 in
813 865 965 923 Ecclesiam
975 880 1026 938 per
1038 864 1182 932 meritum,
1195 880 1251 920 nec
1264 863 1297 921 in
1309 864 1364 936 glo·

773 938 844 996 riam
861 954 912 1010 per
925 936 1093 1011 praemium;
1112 935 1271 1008 utrobique
1291 935 1363 992 enim

773 1009 901 1067 Christus
920 1012 963 1066 est
982 1010 1098 1076 ostium,
1113 1012 1143 1065 et
1165 1007 1236 1079 quia
1261 1006 1363 1065 ostium

773 1081 880 1138 humile
896 1085 925 1136 et
939 1085 1119 1136 mansuetum
1134 1078 1365 1151 est,oportetin·

773 1157 896 1215 trentam
904 1151 1041 1209 humilem
1056 1155 1085 1208 et
1096 1155 1282 1208 mansuetum
1293 1165 1363 1208 esse.

774 1226 896 1297 Oquam
915 1221 1044 1280 terribile
1063 1227 1106 1279 est
1124 1223 1248 1279 verbum
1268 1220 1363 1280 ialudl

773 1298 807 1352 Et
833 1295 898 1368 quis
923 1301 966 1353 est
992 1292 1078 1351 bodie
1106 1292 1180 1351 sicut
1207 1289 1366 1366 parvulus?

773 1368 854 1424 Certo
881 1383 946 1424 rara
973 1365 1035 1423 auis
1054 1371 1097 1422 est
1123 1364 1277 1423 interris.
1301 1362 1364 1422 Rari

773 1444 838 1495 sunt
855 1438 897 1495 illi
912 1437 1016 1505 hodie;
1032 1442 1062 1494 et
1079 1437 1143 1493 ideo
1159 1436 1286 1494 multum
1304 1452 1364 1509 pos·

774 1526 873 1567 sumus
894 1509 1058 1567 formidare.
1078 1509 1106 1567 Si
1128 1507 1207 1565 enini
1230 1508 1366 1567 diabolus

775 1591 890 1654 propter
913 1580 1075 1654 superbiam
1095 1580 1130 1636 de
1158 1579 1232 1636 coelo
1257 1583 1365 1651 ejectus

773 1658 827 1721 esl,
845 1653 934 1710 multo
951 1651 1041 1724 magis
1061 1651 1202 1734 superbus
1218 1649 1291 1709 illuc
1308 1666 1363 1708 non

773 1723 901 1795 intrabit,
914 1724 992 1799 quia,
1002 1729 1034 1780 ut
1047 1723 1117 1781 diiit
1129 1721 1235 1794 aliquis
1248 1741 1257 1780 t

812 1834 931 1904 Turpius
946 1833 1068 1904 ejicitur,
1084 1847 1167 1902 quam
1181 1848 1239 1887 nori
1255 1832 1364 1888 admit-

1158 1903 1243 1974 [titar
1256 1906 1362 1977 bospas.

776 2015 810 2070 Et
823 2012 890 2084 quio
904 2011 1050 2069 daemones
1060 2010 1127 2067 inde
1142 2008 1227 2081 ejecti
1239 2015 1307 2067 sunl
1318 2025 1364 2082 per

775 2084 956 2155 superbiam,
985 2083 1050 2139 ideo
1085 2087 1199 2154 oportet
1230 2081 1363 2157 homines

777 2156 843 2212 illue
857 2155 955 2213 venire
975 2170 1026 2226 per
1046 2153 1131 2211 aliam
1154 2152 1231 2209 viam
1247 2159 1362 2210 coutra-

776 2231 867 2296 riam,
890 2226 997 2284 scilicet
1017 2241 1070 2297 per
1092 2223 1299 2281 humilitatem.
1312 2226 1363 2280 Per

776 2299 925 2373 parvulum
934 2313 1002 2369 ergo
1013 2297 1071 2353 vult
1081 2295 1202 2367 intelligi
1213 2296 1361 2364 humilem,

777 2388 811 2428 eo
822 2372 906 2427 modo
917 2365 1049 2441 loquei'idi
1062 2383 1118 2438 quo
1131 2367 1236 2425 dicitur
1249 2368 1286 2424 de
1299 2369 1361 2424 Sau-

777 2442 804 2498 lo
822 2460 829 2498 :
847 2443 913 2500 dam
928 2456 998 2497 asses
1004 2441 1141 2512 parvulas
1151 2441 1181 2494 iii
1195 2440 1286 2495 oculis
1298 2442 1361 2496 tais.

814 2518 830 2569 8
842 2515 977 2570 Prnniria
988 2528 1164 2567 cosoirioriss
1176 2528 1291 2567 uotiuis
1301 2528 1362 2567 rri-

778 2603 852 2642 rncri
872 2601 1070 2641 inornirrirss
1087 2599 1212 2639 sicarius.
1229 2610 1265 2623 -
1285 2582 1363 2639 Unde

777 2657 875 2714 dicens
886 2653 1101 2712 DominuszNisi
1115 2669 1184 2724 ergo
1198 2651 1363 2710 efficiamini

778 2724 1364 2852 sicutparvuli,nonuultguodelllciainur

776 2799 887 2873 parvuli
914 2797 1062 2863 sensibus,
1087 2812 1117 2853 se
1161 2795 1288 2865 malitia3
1309 2810 1364 2852 uon

777 2876 871 2938 aetate,
893 2869 943 2926 sed
967 2867 1141 2937 conditione,
1166 2871 1198 2924 ut
1221 2866 1363 2933 videlicet,

777 2943 898 2999 toi-mam
919 2939 1032 2998 virtutis
1046 2954 1142 3012 quain,
1157 2944 1263 2996 natura
1282 2939 1364 3007 duee,

777 3030 848 3088 puer
859 3014 1002 3080 observat,
1018 3027 1071 3068 nos
1085 3026 1136 3084 pro
1151 3009 1268 3067 nomine
1286 3008 1364 3068 Chri-

777 3090 822 3153 sti,
832 3086 950 3158 Juvante
964 3082 1083 3140 rationis
1099 3081 1252 3151 industria,
1264 3096 1365 3154 sequa-

780 3175 857 3228 mur;
874 3156 951 3230 quia,
962 3161 995 3213 ut
1006 3155 1046 3212 ait
1057 3154 1231 3222 Ambrosias,
1243 3169 1302 3210 noii
1312 3153 1366 3209 rir-

777 3236 824 3287 tus
837 3234 890 3296 est,
901 3244 959 3284 non
972 3242 1056 3299 posse
1067 3241 1198 3298 peccare3
1213 3225 1265 3282 sed
1278 3224 1363 3281 iiolle.

778 3301 857 3358 Unde
877 3299 962 3356 etiam
983 3298 1023 3354 ait
1039 3301 1220 3367 Hieronymus
1240 3314 1250 3351 r
1272 3298 1365 3352 «Non

135 3365 215 3423 litate
233 3373 262 3423 et
279 3366 444 3424 innocentia
462 3367 618 3423 imitentur.
639 3369 722 3435 Quem
797 3371 940 3444 raeeipitur
954 3369 1107 3442 ilpostolis,
1125 3373 1156 3425 ut
1174 3373 1290 3425 aetatem
1311 3365 1364 3424 ba·

136 3454 199 3495 aum
216 3454 273 3494 som
295 3440 374 3494 terras
391 3443 468 3504 esset,
483 3438 559 3509 quod
575 3438 667 3509 signal
682 3456 723 3496 so·
776 3388 862 3501 Eeant
879 3442 1071 3514 parvulorum,
1086 3439 1136 3497 sed
1149 3438 1361 3506 innocentianu

135 3508 180 3566 los
194 3455 318 3592 ‚liumiies
332 3509 434 3592 dignos
448 3526 512 3567 esse
525 3526 576 3567 suo
591 3512 722 3583 amplexu
777 3522 806 3573 et
824 3513 900 3586 quod
918 3513 959 3570 illi
978 3529 1030 3587 per
1048 3527 1140 3568 annos
1159 3508 1364 3591 possident,·hi

136 3581 391 3654 etdilectioue,qui
400 3597 466 3639 vere
475 3587 595 3655 possunt
604 3582 721 3655 gloriari
775 3586 940 3660 possideant
950 3581 1232 3657 perindustriam,ut
1242 3582 1362 3645 malitia,

31 3714 40 3733 ‚
136 3659 165 3711 et
186 3653 397 3711 dicere:laeoa
413 3657 472 3725 ejas
489 3650 647 3726 sub'capite
664 3672 721 3711 meo
776 3675 833 3715 oon
857 3656 1013 3729 sapientia,
1038 3653 1148 3728 parvuli
1176 3651 1243 3709 sint.
1274 3657 1314 3709 ilc
1337 3652 1361 3709 si

135 3731 162 3782 et
175 3727 290 3781 deutera
308 3727 386 3781 illius
404 3728 611 3799 amplexabitur
624 3743 677 3797 me,
690 3732 721 3784 ut
775 3730 850 3786 dicat
863 3753 869 3785 :
885 3728 962 3786 Siout
974 3728 1027 3784 iste
1040 3725 1175 3800 parvulus
1187 3724 1268 3796 cujus
1282 3725 1363 3781 vobis

133 3796 226 3879 magis
240 3795 393 3868 discipulos
405 3814 423 3855 a
435 3798 566 3871 superbia
580 3798 617 3855 ad
629 3798 722 3856 buini-
775 3800 933 3874 exemplum
953 3799 1058 3867 tribuo,
1075 3813 1133 3855 uon
1149 3800 1314 3878 perseverat
1332 3793 1362 3851 iii

132 3867 243 3926 litatem
262 3875 386 3938 revocet,
403 3870 454 3927 sub
473 3870 630 3928 assertione
652 3887 719 3927 eon·
774 3871 933 3941 iracundia,
950 3887 1008 3928 non
1034 3870 1119 3927 lesus
1142 3873 1284 3937 meminit,
1305 3881 1363 3922 non

132 3944 254 3998 testatur
269 3938 311 3996 eis
325 3956 451 4013 poeiiam,
470 3941 525 3998 nisi
544 3943 581 4000 ab
596 3941 720 3999 elatione
773 3937 1361 4016 ridenspulchrammulieremdelectatur,

132 4018 161 4070 et
174 4011 338 4071 inordinato
352 4013 478 4085 appetitu
494 4013 611 4070 honoris
625 4019 718 4070 retro·
773 4033 831 4074 non
853 4015 932 4073 aliud
952 4013 1057 4086 cogitat
1079 4017 1108 4069 et
1123 4009 1202 4068 aliud
1220 4008 1361 4091 loquitur3

132 4086 251 4156 cedant,
270 4089 312 4141 ait
330 4086 390 4141 iltis
406 4103 414 4143 ι
431 4088 518 4142 Amen
535 4087 596 4141 dico
615 4086 716 4142 vobis:
773 4087 856 4144 sicet
872 4085 990 4144 vosnisi
1007 4085 1093 4141 talem
1108 4082 1267 4139 habueritis
1281 4096 1364 4137 inno-

130 4158 324 4217 llisi'oonoersi'
332 4159 586 4227 [aemmauestra
594 4156 718 4214 elatione
772 4159 893 4217 centiam
910 4163 939 4215 et
954 4155 1041 4215 animi
1057 4154 1220 4228 puritatem,
1238 4166 1362 4224 regnum

130 4237 160 4284 et
175 4227 346 4303 majoritatis
365 4229 541 4301 ambitione,
560 4234 586 4284 et
604 4231 717 4300 alticio-
771 4227 1238 4301 coelorumnonpoteritisintrare.
1251 4223 1362 4306 »Unde

129 4305 211 4374 mini,
233 4300 326 4375 gratia
350 4308 379 4361 et
402 4318 454 4377 per
477 4303 621 4371 virtutem,
644 4303 716 4358 sicat
770 4308 799 4362 et
812 4306 864 4361 Lao
878 4303 975 4374 Papa:
994 4321 1005 4353 i
1022 4301 1106 4359 Amat
1119 4298 1248 4357 Christus
1261 4295 1361 4353 inlan-
