2842 4920
252 286 292 341 liii
319 286 550 343 siullitlits
580 290 765 347 uastitlbit
792 290 923 347 tibullo
950 290 1180 347 labilitatis
1292 293 1337 347 tae

99 394 235 453 debatur.
263 393 412 453 Patiamnr
434 412 502 469 ergo
523 397 647 456 libenter
663 408 693 458 et

98 466 273 537 rolcrnlarie,
284 466 352 539 qnia
367 484 435 526 vera
447 470 524 526 salus
537 476 636 529 nostra
649 478 692 529 est

98 539 128 597 in
147 556 241 609 erere,
257 556 310 596 rrae
326 546 406 597 extra
420 557 483 598 eam
498 541 601 625 aliquis
616 546 691 600 salus

96 610 253 669 invenitur.
268 615 298 669 ln
311 629 490 686 qrracumque
510 632 585 672 errrm
597 618 693 674 anima

98 700 178 751 ceris,
196 684 284 740 idest
308 686 454 743 tribulatio
471 704 528 744 rien
551 694 605 757 cst,
621 690 692 745 unl-

98 756 125 813 la
142 760 284 829 patientia
296 765 353 823 est3
367 763 395 814 et
414 759 460 814 abi
481 758 620 832 patientia
635 778 692 817 nea

104 835 158 891 esi.
178 845 233 885 uce
252 846 320 885 nera
339 830 416 886 salus
437 847 500 887 esse
520 837 624 903 polest.
637 835 693 889 Cor

97 907 195 959 atatem
211 901 325 974 patiens
339 901 410 959 illud
426 908 479 971 est,
495 906 539 959 cni
555 904 691 975 gaudium

98 978 142 1030 est
166 975 246 1047 qrred
262 974 438 1045 despicitur3
455 982 484 1031 et
503 977 579 1047 quod
591 977 620 1033 in
634 994 691 1045 pce

98 1044 144 1103 nis
158 1052 187 1102 ct
202 1047 304 1118 quilius
316 1062 382 1103 eum
396 1063 451 1119 que
471 1046 690 1107 adversitatibus

97 1117 224 1185 laetatur,
245 1121 390 1175 exsultans
409 1135 460 1191 pre
476 1136 510 1177 eo
526 1121 601 1192 quod
620 1123 688 1178 Pas-

97 1188 173 1246 sioni
189 1190 293 1247 Christi
307 1196 336 1247 et
351 1190 502 1248 humilitati
512 1208 570 1249 suas
580 1192 689 1265 aliquid

100 1262 227 1335 adjicere
242 1264 347 1332 caleat,
362 1268 389 1319 el
405 1264 480 1335 quiid
494 1264 598 1322 lrabeat
613 1266 689 1323 uude

102 1334 163 1391 Deo
176 1335 282 1407 aliquid
297 1334 449 1393 sacrificet.
464 1338 498 1392 lit
511 1336 575 1394 iden
590 1355 689 1395 omues

103 1420 204 1481 paenas
229 1413 259 1465 et
290 1407 477 1464 adversitates
507 1419 689 1468 oceiirrentcs

101 1478 185 1535 unias
203 1494 266 1535 cum
291 1479 385 1553 pranis
412 1486 441 1537 et
468 1480 689 1540 adversitatibus

99 1550 223 1621 Christi;
246 1558 279 1608 nt
308 1559 336 1609 et
362 1568 395 1609 ex
429 1552 532 1609 unione
561 1556 688 1627 ipsorum

97 1622 278 1689 dulcescant,
294 1630 322 1681 et
338 1626 397 1682 Deo
412 1623 441 1681 in
456 1641 568 1683 sumina
583 1627 689 1697 patien-

95 1694 137 1751 tia
164 1696 324 1753 redoleant.
343 1698 446 1755 Dmnia
468 1714 617 1783 ergaque
637 1699 688 1755 tibi

95 1768 277 1829 advenerint.
294 1767 353 1825 sine
369 1770 445 1839 lmla,
462 1770 520 1825 sive
537 1771 638 1842 tristia,
655 1788 689 1828 es

96 1838 188 1897 nimia
205 1844 324 1898 cantate
339 1857 356 1897 a
370 1844 429 1899 Deo
439 1840 489 1898 tibi
505 1858 566 1900 csse
583 1845 690 1901 donata

94 1910 257 1969 certissime
276 1913 358 1977 scias,
391 1920 420 1971 et
447 1916 563 1971 omniuo
589 1917 689 1973 credas

95 1984 175 2067 quiid
193 1985 291 2043 omnia
304 2002 338 2042 ex
359 1991 438 2043 tanto
462 2002 561 2043 amore
585 1987 688 2044 Christi

94 2058 150 2113 tibi
168 2060 351 2129 proueniant,
376 2062 406 2113 ut
432 2059 504 2115 nibil
531 2059 609 2115 aliud
625 2060 688 2129 tibi,

95 2133 146 2185 ant
182 2128 267 2187 aliter
292 2130 408 2187 evenire
429 2132 516 2188 velles
544 2137 593 2187 aut
616 2132 689 2189 celle

95 2200 237 2271 deberes;
253 2207 282 2259 et
297 2203 361 2260 ideo
376 2219 426 2277 pro
442 2202 560 2276 singulis
575 2204 600 2260 ei
616 2220 689 2277 gra-

96 2274 156 2331 tias
171 2280 200 2329 ct
214 2273 312 2332 larrdes
329 2291 406 2347 agas.

132 2348 254 2417 blesus
279 2364 452 2405 rsurscncrus
477 2347 686 2406 Arosroaoann.

94 2446 130 2459 ·-
145 2420 215 2476 Cum
229 2420 364 2477 vidissent
376 2427 467 2477 nutem
480 2421 614 2493 discipuli
628 2422 689 2493 ejus

91 2491 217 2547 Jacobus
232 2495 384 2549 atinenses
398 2492 460 2549 irati
478 2501 578 2551 contra
593 2494 687 2551 Sama·

93 2563 221 2631 ritanos,
240 2564 390 2621 noluerunt
411 2565 506 2637 ignem
524 2581 540 2621 e
556 2565 627 2622 coelo
651 2565 688 2622 ad

93 2637 326 2693 consumendum
350 2654 398 2694 eos
428 2642 602 2709 impetrare,
624 2637 688 2694 ideo

92 2706 120 2765 ci
137 2708 297 2765 damas:
317 2713 440 2773 Domine,
460 2712 503 2764 vis
521 2711 639 2765 dicimus
658 2715 689 2767 ut

93 2783 173 2850 ignis
189 2782 338 2838 descendat
353 2782 386 2837 de
400 2783 474 2846 calo,
484 2782 511 2836 id
525 2786 568 2838 est
580 2782 614 2838 de
630 2781 687 2837 allo

91 2856 170 2910 sicut
189 2853 303 2923 fulgura
316 2858 344 2909 et
359 2854 531 2923 hujusmodi,
546 2870 609 2925 crure
625 2870 686 2911 orn-

94 2926 147 2981 aia
163 2926 282 2983 veniunt
297 2928 332 2983 de
352 2942 423 2983 eoeo
440 2942 536 2993 aereo,
554 2931 580 2981 ct
592 2942 686 2982 corisu-

96 3002 158 3052 mat
185 2998 250 3053 illos
275 3003 305 3054 le
332 2998 460 3070 recipere
487 2998 639 3055 nolentes?
664 2999 685 3055 0

99 3072 207 3141 quanta
234 3069 343 3127 ssdrrcia
367 3086 467 3127 eorum
495 3069 524 3126 in
564 3069 684 3127 Domine

100 3146 173 3207 erat,
187 3144 233 3214 qui
250 3143 311 3198 solo
334 3145 422 3199 verbo
439 3158 470 3198 se
490 3158 571 3212 posse
586 3143 684 3199 crede-

97 3210 179 3282 bant,
197 3218 228 3271 ut
244 3214 318 3285 ignis
338 3214 372 3271 de
392 3213 464 3270 coslo
484 3214 683 3271 descenderint

93 3286 132 3342 At
152 3285 313 3357 hujusmodi
331 3286 455 3342 niardicta
479 3302 542 3357 qua
570 3286 685 3344 laudata

93 3362 140 3413 est
156 3356 185 3413 iu
200 3357 271 3427 Elia,
288 3357 316 3413 in
334 3357 395 3415 istis
410 3362 453 3416 est
474 3373 493 3414 a
509 3360 627 3415 Domine
643 3376 685 3416 re·

91 3429 230 3509 probata,
247 3432 313 3502 quia
328 3432 382 3487 lroe
398 3448 455 3487 nou
469 3432 685 3503 appetebantex

91 3506 218 3558 caritate
248 3507 276 3559 et
298 3518 396 3560 amere
424 3502 608 3561 correctionis
630 3518 685 3558 eo-

91 3588 173 3642 rum,
195 3573 236 3630 vel
258 3575 391 3631 liniendae
418 3574 449 3632 in
475 3574 533 3633 iliis
555 3574 684 3642 malitiae,

91 3645 173 3703 sieut
188 3644 251 3711 ille;
268 3647 317 3703 sed
345 3662 378 3704 ex
392 3645 572 3718 impatientia
591 3645 686 3719 polius

90 3724 122 3775 et
138 3715 343 3775 indiscretione
358 3724 388 3776 et
401 3716 528 3793 appetitu
543 3716 683 3774 vindicta.

88 3790 127 3847 ln
140 3804 199 3859 quo
214 3790 305 3847 innuit
317 3793 463 3861 Dominus,
474 3789 551 3863 quod
565 3806 622 3847 uon
637 3805 685 3845 ra·

92 3860 136 3919 let
159 3861 247 3930 zelus,
267 3862 321 3919 nisi
344 3863 381 3919 sit
397 3862 520 3919 discreta
543 3863 684 3919 volontas.

93 3932 180 3991 Unde
203 3935 297 3990 serbis
321 3932 449 4007 Apostoli
471 3934 547 3989 Petri
561 3934 686 3989 Ananias

93 4009 125 4062 et
147 4020 220 4059 nxrrr
248 4007 309 4077 ejus
336 4008 481 4063 exanimes
509 4004 684 4073 cecideruut,

92 4092 157 4133 non
169 4076 246 4144 odio,
262 4078 311 4134 sed
324 4079 401 4150 insta
416 4076 557 4147 vindicta3
573 4085 602 4133 et
616 4078 686 4133 l‘au·

93 4149 142 4205 lus
171 4149 325 4221 quemdam
353 4155 532 4223 peecatorem
568 4148 687 4207 tradidit

94 4222 214 4279 Satanae
228 4220 257 4279 iu
270 4221 416 4283 interitum
429 4218 535 4289 carnis,
546 4226 577 4276 nt
590 4220 686 4277 anima

92 4297 174 4349 esset
191 4293 279 4349 salsa.
292 4294 373 4349 Unde
386 4295 460 4351 Dedo
476 4313 483 4347 τ
498 4315 514 4339 u
524 4293 687 4363 Reprehen-

747 400 789 457 dit
803 400 832 457 in
852 399 914 459 istis
938 399 1077 460 Dominus
1095 416 1154 459 nen
1173 398 1337 471 exemplum

748 474 897 545 Prophetae
911 473 1072 540 sancti,se‹l
1087 474 1263 530 volunlatem
1276 470 1337 530 via·

747 545 873 615 ‹liraudt,
888 562 952 617 (rum
969 547 1063 603 adhue
1078 552 1138 603 erat
1154 545 1184 601 in
1199 544 1335 614 rudibus3

748 618 979 675 aniruadrcrtens
994 635 1043 677 ees
1060 635 1116 675 nen
1129 633 1227 674 amore
1239 633 1338 673 corre·

748 689 881 758 ctionem,
902 691 951 747 sed
971 690 1037 747 odio
1058 690 1222 747 desiderare
1242 687 1337 746 viudi-

747 767 821 819 cium
834 780 840 820 :
853 784 867 813 u
880 764 940 819 irae
950 764 1034 819 Dedo.
1046 763 1127 821 Unde
1139 761 1269 834 sequitur
1281 778 1288 819 ι
1301 763 1338 819 Et

747 852 891 891 cennersns
904 837 1059 907 increpanti
1073 837 1136 890 illos
1151 836 1245 891 dicens
1263 850 1270 890 :
1287 835 1337 891 Ne·

746 910 824 963 scitis
833 907 912 976 crijrcs
925 910 1050 979 Spiritus
1065 910 1142 975 estis,
1158 905 1267 963 seilicet
1278 903 1339 987 Spi-

747 977 817 1035 ritus
837 978 931 1036 Saucti
952 978 998 1050 qui
1016 980 1167 1037 bonusest
1186 984 1214 1034 et
1230 992 1337 1047 suavis,

746 1051 800 1106 lroe
815 1058 858 1107 est
873 1068 931 1107 non
947 1051 1021 1107 bene
1038 1048 1242 1133 recognoscitis
1259 1049 1339 1123 enjus

746 1122 852 1194 Spiritu
866 1122 969 1195 signati
984 1121 1062 1189 estis,
1076 1127 1104 1179 el
1114 1122 1179 1179 ideo
1190 1119 1275 1179 vullis
1285 1136 1337 1193 per

745 1194 844 1251 oclinm
859 1211 990 1251 exercere
1005 1193 1169 1263 vindictam,
1184 1193 1260 1265 quod
1278 1207 1336 1250 nen

745 1266 811 1323 licet
827 1266 875 1323 Dei
891 1268 990 1323 servis.
1008 1267 1039 1321 lu
1052 1267 1129 1322 Novo
1141 1264 1218 1323 euim
1232 1267 1336 1321 Testa-

745 1336 1336 1423 merito,quodeslamoris,procedeudnm

746 1416 788 1467 est
802 1416 927 1467 suaviter
942 1415 970 1466 ct
989 1410 1124 1482 benigne,
1142 1425 1198 1466 non
1216 1408 1289 1465 sicut
1306 1407 1336 1465 in

744 1483 839 1540 Veteri
854 1486 1045 1551 Testamenta,
1061 1483 1137 1553 quod
1151 1485 1195 1537 est
1209 1479 1333 1551 timoris,

745 1554 792 1612 ubi
822 1555 1028 1626 procedebatur
1056 1566 1157 1626 aspere
1177 1559 1205 1608 et
1229 1551 1331 1623 rigide.

745 1627 825 1684 Unde
841 1628 938 1685 Glossa
952 1647 961 1682 ε
975 1648 991 1679 a
1006 1627 1091 1698 Cujus
1107 1625 1213 1695 Spiritu
1227 1623 1334 1697 signati

745 1699 824 1767 ostis,
846 1701 909 1772 ejus
933 1705 962 1755 et
989 1706 1054 1756 areta
1074 1696 1238 1766 imitemini,
1257 1712 1333 1754 nune

745 1772 791 1844 pie
801 1773 982 1829 consolantes
992 1776 1021 1829 et
1035 1771 1063 1827 in
1079 1769 1214 1844 prasenti
1225 1769 1334 1843 patieu·
1394 1826 1396 1831 ,

745 1844 815 1900 tiam
831 1845 988 1912 lrabeates,·
1008 1843 1059 1900 sed
1084 1846 1112 1898 in
1137 1843 1231 1899 tuturo
1256 1843 1333 1914 juste

742 1916 915 1989 iudicantes,
931 1930 995 1972 cum
1014 1915 1144 1970 sedebitis
1160 1930 1242 1984 super
1259 1914 1335 1969 sedes

745 1989 898 2043 duodecim.
918 2006 931 2037 a
952 1989 985 2042 El
1005 1986 1152 2058 subjungit
1169 1984 1332 2041 Dominus:

744 2062 835 2116 Filias
850 2061 970 2114 beminis
983 2074 1036 2114 neu
1052 2061 1127 2112 venit
1143 2060 1251 2112 animas
1268 2072 1335 2129 per·

746 2133 818 2191 dere.
833 2129 1024 2203 porrigerem
1037 2126 1156 2201 justitiae
1174 2126 1270 2184 statim
1285 2126 1333 2184 ia·

746 2203 864 2261 lereudo
879 2218 995 2277 poeuam
1008 2199 1199 2269 mortis,sicut
1209 2216 1259 2257 vos
1271 2200 1333 2257 vul·

744 2275 792 2345 tis,
807 2276 877 2349 quin
897 2275 955 2332 imo
974 2272 1097 2348 perditio
1119 2276 1163 2331 est
1183 2288 1217 2330 ex
1235 2270 1332 2340 vobis,

744 2350 793 2406 sed
806 2348 884 2405 veuit
894 2350 1004 2405 salvare
1017 2345 1140 2414 animas,
1152 2361 1205 2430 per
1217 2343 1331 2402 miseri·

744 2420 871 2477 cordiam
890 2425 918 2477 et
934 2436 1025 2490 rioenae
1045 2419 1261 2487 relaxationem,
1276 2416 1331 2474 sie·

745 2498 775 2549 ut
794 2492 905 2566 expedit
924 2490 1037 2548 miseris
1057 2509 1064 2548 ε
1089 2491 1235 2548 saliantur
1256 2488 1334 2546 enim

744 2564 846 2621 melius
868 2563 1030 2631 clementia,
1051 2578 1137 2637 quam
1160 2559 1278 2618 saevitia.
1299 2562 1334 2617 lit

744 2635 772 2693 in
788 2638 841 2693 lroc
862 2636 946 2693 datur
969 2636 1129 2705 exeruplnm
1146 2632 1283 2706 praelatis,
1300 2636 1333 2688 ut

743 2725 799 2765 nen
811 2708 916 2777 statim,
926 2712 955 2765 el
964 2723 1027 2764 eum
1039 2706 1145 2778 impetu
1157 2709 1271 2778 peccata
1284 2719 1333 2777 pu·

743 2781 823 2837 niaut
834 2799 840 2849 ;
851 2782 901 2837 sed
916 2779 1007 2851 magis
1020 2785 1132 2861 tempus
1146 2783 1175 2833 et
1189 2777 1333 2833 locumex·

743 2857 881 2925 spectent,
899 2868 949 2909 nec
957 2867 1069 2922 semper
1079 2856 1263 2921 inpeccantes
1273 2849 1332 2904 vin·

743 2924 847 2981 dictam
860 2927 1019 2979 exerceant.
1047 2920 1125 2978 Unde
1143 2921 1331 2977 Ambrosias:

744 3015 757 3049 a
772 2996 843 3064 Quia
857 3011 923 3051 uero
937 2992 1093 3065 discipules
1111 2990 1279 3063 increparit,
1296 3005 1331 3050 eo

742 3068 818 3141 quod
839 3066 934 3137 ignem
960 3080 1046 3136 super
1074 3080 1124 3121 eos
1155 3061 1332 3121 descendere

742 3138 914 3213 gestiebant,
930 3136 977 3209 qui
993 3152 1051 3194 nen
1066 3140 1234 3208 receperant
1247 3132 1330 3192 Chri·

741 3219 827 3281 stum,
848 3209 1008 3267 ostenditur
1029 3206 1113 3266 uobis
1140 3223 1197 3265 non
1217 3222 1331 3279 semper

741 3284 770 3343 ia
783 3300 833 3341 ees
848 3282 895 3354 qui
908 3285 1096 3355 peccaverunt
1111 3278 1330 3350 uindicandum

741 3355 809 3429 quia
833 3368 1048 3437 nonnumquam
1070 3352 1192 3435 amplius
1213 3351 1331 3426 prodest

741 3426 893 3487 elementia
907 3444 914 3483 :
930 3426 982 3484 libr
998 3425 1034 3483 ad
1050 3430 1229 3498 patientiam,
1250 3422 1330 3497 lapso

741 3494 1329 3569 adcorrectionem.DeniqneSamaritaui

742 3573 825 3629 citius
840 3571 1033 3639 crediderunt,
1048 3585 1066 3625 a
1081 3569 1184 3641 quibus
1198 3569 1252 3625 boe
1267 3568 1330 3625 loeo

741 3644 817 3717 ignis
839 3650 960 3700 arcetur.
987 3641 1125 3698 Dominus
1150 3646 1246 3698 autem
1278 3654 1331 3697 nee

742 3716 771 3772 iu
788 3718 838 3772 bos
855 3714 988 3771 indevote
1009 3713 1161 3770 Dominum
1176 3714 1332 3769 refutantes

744 3790 890 3860 proprium
904 3790 1153 3852 commerciandi
1167 3784 1332 3842 estenderet

763 3859 809 3915 uia
825 3876 880 3917 noa
899 3858 985 3915 habet
998 3857 1115 3913 ultionis
1130 3856 1255 3912 studium
1271 3868 1332 3935 per·

742 3877 817 3989 iacta
832 3930 939 3994 virtus;
968 3945 1022 3985 nee
1044 3928 1102 3985 nlla
1118 3928 1149 3983 sit
1171 3925 1330 3993 iracundia,

742 4005 790 4061 ubi
806 4002 954 4075 plenitudo
969 4007 1013 4058 cst
1025 3997 1223 4079 caritatis,nec
1238 3995 1330 4051 curlu-

743 4076 838 4132 denda
857 4072 1020 4141 infirmitas,
1037 4070 1087 4127 sed
1105 4067 1243 4148 Jiryanda.
1264 4068 1331 4122 Pro·

743 4147 788 4207 cul
813 4145 986 4219 orcligiesis
1012 4141 1178 4211 indignatae,
1199 4137 1331 4211 procula

744 4218 936 4292 magnanimis
952 4213 1092 4286 cupiditas
1112 4209 1242 4281 ultionis,
1261 4224 1330 4283 pro-

744 4292 788 4345 cnl
805 4306 822 4347 a
837 4286 1024 4361 punientibus
1050 4280 1233 4339 considerata
1252 4296 1328 4337 cem-
