2820 4928
247 388 287 444 DB
313 388 518 445 ctuttttlvn
545 389 773 447 corniculum
802 392 1015 455 lucutionis,
1045 392 1113 448 ETC.

63 512 221 564 summum,
242 512 274 550 rr
292 512 450 551 ruoorroms
474 514 600 553 annius.
618 528 653 538 -

63 569 140 627 Cum
155 571 250 625 autem
265 568 348 625 Jesus
362 567 430 622 dixit
447 566 489 624 eis
505 587 511 626 :
530 571 604 626 Unus
618 586 653 625 ea

61 641 144 697 uobis
156 640 247 695 trudet
261 641 370 709 mequi
380 641 528 696 monduout
538 657 652 710 meeum,

61 711 130 769 haec
145 727 197 767 rou
216 710 246 767 in
262 709 480 781 cordaipsorum
495 717 527 768 ut
541 712 652 781 gladius

62 789 169 841 acutus
185 780 310 849 intrauit,
326 782 474 853 luctusque
490 783 653 841 intolerabi-

62 855 105 912 lis
124 856 242 911 chorum
260 853 340 910 illum
362 864 489 910 sanctum
510 861 578 911 tunc
603 871 650 912 as-

63 924 205 1000 sumpsit;
224 929 253 982 et
267 926 368 981 tristati
389 926 539 982 comedere
556 943 651 985 cessa-

63 1002 180 1068 verunt,
191 1002 219 1053 et
230 995 419 1069 inspiciebant
429 1002 594 1070 semetipsos
606 1002 649 1055 in-

62 1070 169 1135 vicem,
184 1067 265 1141 quasi
289 1084 362 1125 noro
383 1075 498 1141 stupore
512 1072 650 1140 percussi,

65 1141 237 1199 haesitantes
252 1140 356 1212 dequo
376 1141 492 1197 diceret.
519 1143 581 1207 Nou
604 1158 650 1199 so·
674 1140 678 1213 l

63 1213 126 1270 lum
140 1218 257 1285 proptor
273 1218 394 1268 mortem
408 1212 534 1283 Magistri
546 1212 590 1269 sui
605 1214 649 1269 iu·

63 1289 161 1342 turam
177 1283 427 1351 suntcontristati3
443 1284 494 1340 sed
507 1284 575 1354 quia
590 1285 651 1357 qui-

65 1355 138 1414 libet
152 1355 272 1412 timebat
289 1357 323 1410 ile
338 1372 380 1423 se,
396 1371 431 1411 ne
448 1362 524 1411 esset
538 1355 585 1412 ille
600 1356 649 1428 qui

64 1428 190 1486 debehat
202 1443 266 1483 eum
278 1427 402 1483 tradere.
419 1429 506 1483 Erant
521 1444 588 1499 ergo
601 1429 649 1485 ad·

63 1499 259 1571 mirationis
281 1498 401 1570 quilibet
424 1514 523 1555 eorum
544 1508 648 1571 praeter

63 1571 169 1630 tudam
180 1571 321 1627 sentiebat
328 1587 358 1627 se
366 1569 491 1627 totaliter
503 1574 648 1628 tirmatum

62 1641 96 1701 iu
114 1642 289 1700 contrarium
302 1641 371 1698 dicti
386 1641 474 1714 ipsius
489 1643 603 1711 Christi,
618 1649 647 1701 et

65 1713 199 1772 similiter
224 1714 260 1771 de
279 1713 337 1775 suis
356 1713 452 1782 sociis,
468 1716 541 1771 sicut
564 1716 598 1771 de
615 1731 646 1773 se

63 1786 423 1860 cogitabat3rerumtumen
431 1792 546 1859 propter
556 1786 645 1843 tirmi-

64 1862 155 1915 tatem
175 1857 327 1914 verborum
346 1857 449 1913 Christi
473 1857 563 1927 magis
585 1858 646 1915 o‘us

66 1928 154 2000 dicto,
170 1944 254 2002 quam
273 1928 333 1985 suis
349 1927 531 2010 conscientiis
545 1875 644 1986 crerie-

65 2001 147 2070 baut,
163 2007 192 2058 et
214 2016 271 2057 non
297 2000 468 2056 haesitabant
483 1999 519 2056 de
543 2006 645 2058 eventu

64 2075 118 2139 rei,
135 2073 185 2129 sed
199 2072 234 2127 de
249 2071 297 2128 illo
315 2087 463 2145 perquem
482 2071 536 2127 hoc
550 2072 645 2128 eveni-

63 2150 120 2202 ret.
141 2145 306 2202 Contristuti
323 2158 392 2214 ergo
411 2143 492 2198 ualde
510 2148 646 2214 ceperum

62 2216 171 2284 singuli
185 2217 284 2284 dicere,
300 2214 494 2286 uuusquisque
517 2230 568 2287 pro
590 2231 620 2271 se
636 2234 646 2271 ε

61 2287 207 2358 Numquid
232 2303 279 2355 ego
301 2303 372 2357 sum,
389 2289 512 2357 Domine,
527 2285 644 2358 scilicet,

106 2360 113 2414 i
128 2358 221 2414 trudet
235 2359 281 2413 tet
300 2360 333 2413 Et
351 2362 426 2413 certe
440 2365 578 2414 noverant
592 2375 645 2415 un·

84 2432 157 2486 ecim
176 2428 313 2511 Apostoli,
327 2428 402 2500 quod
416 2428 487 2485 nihil
502 2428 558 2486 tale
572 2446 646 2486 con·

62 2507 112 2558 tre
128 2503 279 2558 Dominum
293 2500 504 2567 cogitareraut3
519 2501 569 2557 sed
582 2501 646 2573 plus

63 2573 201 2644 Magistro
216 2587 301 2644 quam
316 2571 370 2628 sibi
384 2572 548 2641 credebant,
569 2577 595 2627 et
610 2571 646 2628 ti-

63 2651 180 2703 mentes
210 2643 393 2709 lragilitatem
430 2659 522 2714 suain,
553 2643 647 2701 tristes

64 2722 202 2789 quaeruut
221 2715 256 2772 dc
275 2720 390 2787 peccato
413 2715 494 2786 cujus
512 2731 569 2771 uon
595 2716 647 2772 ha·

61 2788 135 2846 heut
148 2786 363 2855 conscientiam,
377 2791 408 2842 ut
418 2786 557 2843 dicituriu
572 2787 647 2844 Psal-

64 2875 113 2917 mo
129 2876 137 2916 :
153 2861 258 2916 Delicta
273 2862 337 2929 quis
351 2860 509 2927 intelligit?
525 2857 649 2927 Quilibet

63 2931 152 2989 etiam
171 2930 256 2986 debet
275 2929 329 2986 sibi
356 2929 456 2986 timere
480 2929 516 2986 de
540 2925 646 3000 tuturo,

63 3008 322 3075 quantumcumque
339 3000 377 3057 sit
391 3005 519 3058 sanetus.
532 3005 568 3058 lit
588 3003 648 3074 ipse

62 3075 240 3147 respondens,
261 3077 304 3129 uit
322 3093 331 3128 ε
346 3074 400 3140 Qui
416 3076 531 3142 intingit
544 3090 648 3131 meeum

63 3162 177 3203 monum
191 3149 221 3201 in
238 3145 398 3217 paropside,
414 3161 463 3201 seu
479 3148 581 3214 catino,
604 3148 648 3202 hio

63 3234 109 3274 me
127 3217 226 3274 trudet.
245 3218 315 3274 Ecce
330 3215 475 3273 humilitas
492 3216 595 3274 Christi
621 3221 649 3273 et

65 3287 215 3362 patientia,
227 3304 282 3360 qua
293 3288 466 3360 proditorem
479 3288 515 3344 ad
522 3303 649 3345 mensam

66 3366 94 3418 et
113 3359 260 3417 scutellam
281 3359 415 3416 admittit.
433 3360 475 3427 Et,
492 3362 648 3416 secundum

65 3435 272 3514 Hieronymum,
300 3430 331 3487 in
351 3432 404 3487 hoc
431 3430 503 3488 mira
532 3434 651 3503 apparet

67 3503 180 3560 Domini
220 3501 340 3559 atientia
360 3504 449 3574 :quia
468 3502 591 3574 primum
606 3502 649 3559 di-

67 3584 149 3632 xerat
163 3594 169 3632 :
209 3591 263 3631 nus
276 3591 308 3631 ex
321 3573 402 3631 vobis
417 3590 462 3630 me
473 3574 577 3642 tradet,
589 3590 650 3646 per·

67 3652 237 3716 severatuue
250 3644 378 3717 proditor
393 3644 421 3700 in
435 3645 521 3714 malo,
536 3646 651 3703 manile·

67 3718 140 3775 stius
155 3720 260 3785 arguit,
277 3721 305 3772 et
323 3720 419 3774 tamen
447 3720 561 3772 nornine
582 3732 649 3788 pro·

88 3788 130 3846 rio
143 3806 201 3846 uon
215 3788 355 3862 designat.
368 3787 456 3854 Unde,
468 3803 519 3858 per
529 3789 582 3844 hoc
592 3803 652 3843 rer-

66 3806 137 3918 Bum
150 3860 265 3927 Christi,
281 3877 336 3916 non
351 3864 503 3932 potuerant
517 3857 650 3914 determi-

69 3941 137 3990 nate
151 3931 328 4005 perpendere
337 3930 400 4002 quis
415 3935 501 3997 esset,
515 3928 580 4001 quia
595 3944 653 3985 orn·

69 4020 121 4060 nes
136 4005 286 4060 duodecim
301 4003 337 4059 de
352 4005 453 4059 codem
474 4017 538 4057 case
558 3999 587 4056 iu
602 4000 654 4055 cir·

68 4075 146 4132 cuitu
164 4091 227 4132 rum
240 4074 360 4131 Domino
372 4074 496 4130 edebant
509 4091 516 4140 ;
530 4071 653 4128 minores

68 4152 165 4204 autem
179 4146 310 4219 discipuli
321 4161 449 4202 scorsum
463 4145 492 4200 iu
508 4142 563 4201 alia
575 4158 654 4198 mon-

68 4234 102 4275 sa
119 4218 314 4275 comedebant.
331 4219 414 4285 Quasi
429 4215 556 4273 diceret:
578 4214 654 4271 Unus

68 4306 102 4347 ex
112 4289 262 4348 duodecim
273 4305 317 4345 me
326 4288 428 4345 tradet.
437 4290 510 4344 Etex
521 4287 575 4344 boc
585 4284 654 4342 satis

69 4370 189 4436 apparet
198 4361 275 4435 quod
293 4359 343 4419 alii
355 4359 483 4431 discipuli
498 4363 654 4431 presentes

710 501 801 555 erant.
822 496 903 565 Quod
923 502 1019 553 sutem
1039 496 1189 554 Mattheus
1205 513 1295 570 poro·

708 571 827 641 podem,
842 570 951 625 Marcus
964 571 1088 624 catinum
1109 566 1177 625 dicit
1197 586 1205 626 ε
1220 585 1294 628 unus

710 640 914 712 quadraturam
927 639 1012 709 vasis,
1033 638 1107 697 alter
1124 641 1203 713 quod
1216 647 1293 699 esset

710 712 797 769 fictile
808 728 880 784 opus
893 711 1033 785 designat.
1052 713 1100 768 Est
1113 711 1192 769 euim
1207 729 1292 785 paro·

709 784 768 856 psis
788 800 836 840 ras
864 783 1046 856 quadratum,
1070 784 1181 841 hahens
1209 800 1294 857 pares

709 855 832 927 opsides,
849 855 877 912 id
897 861 939 912 est
962 855 1053 911 latera
1077 862 1106 911 ct
1130 856 1293 914 extremita-

709 932 766 996 tes;
789 930 901 984 catinus
916 942 983 983 uero
998 942 1046 983 ras
1064 925 1162 996 fictile,
1175 944 1226 985 seu
1248 931 1293 986 lu·

707 1005 797 1067 teum,
814 999 850 1056 ad
874 997 1085 1055 immittendum
1107 998 1247 1071 liquorem
1265 1004 1294 1058 et

708 1071 745 1126 ad
757 1072 840 1143 plura
852 1070 909 1127 alia
923 1075 1030 1142 aptum.
1044 1072 1144 1142 Aspice
1156 1087 1231 1129 nunc
1245 1071 1294 1129 be·

709 1157 744 1197 ne
759 1141 924 1215 discipulos,
937 1151 966 1198 et
980 1147 1144 1214 compatere
1161 1149 1220 1199 tam
1236 1145 1292 1200 Do·

709 1212 786 1270 mino
802 1230 887 1286 quarn
899 1213 955 1296 ocis,
971 1212 1038 1341 (luia
1053 1213 1082 1269 in
1095 1228 1199 1286 magno
1214 1214 1294 1273 dolo·

708 1301 740 1341 re
757 1291 822 1342 sunt
843 1292 939 1358 positi.
966 1284 1015 1341 lle
1040 1291 1135 1342 autem
1163 1286 1293 1358 proditor

708 1372 744 1413 ue
758 1359 845 1415 verba
857 1358 917 1413 haec
931 1356 968 1413 ad
982 1373 1046 1413 eum
1060 1357 1203 1428 pertinere
1219 1357 1294 1415 vide·

708 1436 817 1497 rentur,
828 1429 978 1486 comedere
992 1444 1048 1484 nou
1059 1429 1188 1486 cessarit.
1205 1430 1292 1489 Cete-

707 1500 747 1557 ris
761 1503 837 1557 euim
850 1500 1023 1557 contristatis
1035 1516 1068 1557 uc
1079 1502 1292 1560 retrahentibus

706 1588 818 1641 manus,
838 1580 867 1629 et
891 1572 1126 1629 interdicentibus
1150 1573 1229 1629 cibos
1247 1571 1291 1630 ori

706 1659 769 1713 suo,
784 1644 872 1702 Judas
885 1646 1045 1700 temeritate
1057 1649 1086 1700 et
1100 1643 1291 1716 impudentia,

705 1730 762 1786 qua
775 1715 939 1789 proditurus
956 1720 1018 1771 erat
1034 1715 1213 1787 Magistrum,
1228 1731 1292 1773 mu·

705 1802 772 1843 nurn
788 1804 850 1844 cum
866 1803 900 1844 eo
914 1786 999 1843 mittit
1011 1785 1041 1842 iu
1056 1787 1247 1859 paropsidem,
1258 1791 1291 1845 ut

704 1859 824 1915 audacia
839 1860 945 1916 bonam
962 1858 1165 1915 conscientiam
1182 1857 1292 1917 menti-

704 1938 793 1986 retur.
805 1932 839 1986 Et
849 1928 1017 1986 debesscire
1031 1928 1107 2000 quod
1120 1932 1180 2000 ipsa
1191 1944 1291 1988 mensa

704 2007 767 2057 erat
783 2002 811 2056 iu
823 2007 911 2069 terra,
927 2005 956 2058 ot
971 2015 1051 2056 more
1064 2000 1223 2073 autiquoiu
1235 2006 1290 2058 ter·

703 2072 888 2129 resederunt
906 2071 943 2129 ad
963 2087 1073 2128 coeuam
1090 2071 1120 2128 in
1140 2071 1289 2129 coeuaculo

704 2149 804 2213 strato,
826 2142 906 2215 quusi
930 2142 1053 2216 jacendo
1079 2145 1289 2202 recumbentes.

703 2218 770 2272 Erat
784 2221 889 2273 autern.
901 2219 931 2271 ut
944 2214 1080 2284 creditur,
1091 2214 1240 2287 quadrata,
1254 2215 1290 2274 de

704 2288 832 2360 pluribus
839 2286 1130 2344 tamentahulislacta
1145 2305 1152 2356 ;
1166 2292 1193 2343 ct
1205 2291 1291 2358 prout

703 2358 829 2416 narrarit
843 2358 888 2415 itle
903 2359 951 2431 qui
966 2374 1030 2415 eam
1046 2360 1142 2415 Roma
1155 2357 1187 2415 in
1199 2359 1289 2416 eccle·

703 2433 744 2487 sia
757 2432 941 2487 lateranensi
957 2433 1133 2487 mensurarit
1155 2447 1162 2487 :
1185 2429 1215 2487 in
1231 2446 1290 2489 uno

704 2502 813 2572 quadro
832 2510 877 2557 est
902 2503 1022 2558 duorum
1049 2502 1233 2559 brachiorum
1261 2506 1292 2560 et

705 2572 791 2629 trium
806 2570 970 2643 digitorum,
987 2578 1015 2627 et
1039 2573 1068 2628 in
1086 2572 1142 2628 alio
1166 2574 1289 2631 duorum

705 2643 887 2700 brachiorum
906 2648 935 2700 et
945 2642 1053 2715 palmi;
1071 2645 1110 2699 itu
1124 2645 1200 2715 quod
1220 2643 1288 2701 licet

706 2714 803 2772 stricte
825 2720 853 2771 et
869 2722 948 2772 arcte
973 2722 1078 2782 tamen,
1099 2720 1130 2771 ut
1147 2714 1285 2786 creditur,

704 2793 762 2844 tres
773 2786 903 2858 discipuli
916 2786 946 2842 iu
961 2803 1017 2842 uno
1028 2786 1138 2856 quadro
1149 2786 1290 2845 sedebant

705 2865 733 2916 et
753 2860 890 2915 Dominus
909 2856 1054 2914 humiliter
1077 2858 1106 2914 in
1128 2859 1244 2930 angulo,
1260 2862 1289 2916 et

705 2934 831 2989 Joanues
842 2932 994 3002 juntoeum
1009 2929 1127 2997 erat,ita
1141 2929 1217 2999 quod
1229 2945 1287 2987 om·

706 3019 755 3059 nes
769 3001 805 3058 de
826 3018 882 3058 uuo
895 3017 960 3058 vase
980 2999 1129 3057 comedere
1165 3003 1288 3059 oteraut.

706 3074 758 3132 Ubi
766 3074 882 3130 aduerte
895 3070 1055 3129 convivium
1066 3016 1243 3137 humifitatis,
1259 3077 1290 3129 et

707 3144 842 3214 caritatis,
865 3146 932 3216 quia
953 3160 1018 3201 cum
1040 3144 1212 3216 pauperibus
1232 3142 1289 3201 illis

707 3215 862 3288 discipulis,
874 3225 902 3272 et
911 3216 984 3272 luda
996 3214 1141 3287 proditore
1150 3213 1288 3273 iueudem

707 3304 816 3357 mensa,
839 3288 940 3344 eodem
954 3285 1017 3344 cibo
1032 3293 1060 3343 et
1083 3291 1160 3358 potu,
1188 3287 1290 3347 eodem

707 3359 800 3416 catino
816 3365 845 3415 et
858 3359 944 3416 calice
960 3357 1094 3431 Magister
1105 3363 1134 3414 et
1152 3358 1291 3418 Dominus

709 3430 867 3502 participat.
888 3433 950 3488 Nou
970 3433 1011 3487 sic
1026 3429 1111 3487 bodie
1127 3430 1208 3487 multi
1222 3431 1290 3488 reli·

708 3502 780 3575 giosi
796 3502 914 3571 iaciunt,
933 3501 981 3576 qui
995 3500 1173 3560 dissimiliter
1188 3518 1206 3560 u
1230 3504 1292 3561 lra-

709 3574 800 3633 tribus
811 3576 889 3630 retici
904 3590 959 3630 uon
975 3575 1155 3631 erubescunt.

744 3652 761 3714 t
776 3647 897 3703 Somnus
911 3663 943 3700 er
958 3661 1083 3701 rurunuri
1094 3646 1171 3701 duum
1186 3659 1291 3701 surru-

709 3735 781 3774 crmi.
801 3750 827 3757 -
847 3719 880 3771 Et
891 3716 970 3771 addit
992 3716 1087 3781 iesus,
1132 3713 1291 3771 raediecndo

730 3802 822 3844 oenam
839 3784 1031 3840 damnationis
1054 3789 1082 3839 tr
1121 3781 1202 3839 ituris
1217 3800 1224 3839 :
1242 3787 1292 3840 Di·

708 3804 766 3913 rius
779 3857 889 3928 quidem
900 3857 1018 3911 bominis
1030 3855 1120 3920 uadit,
1130 3853 1166 3909 ad
1180 3854 1291 3911 Passio·

710 3943 776 3984 nem
801 3927 969 3990 voluntarie,
997 3929 1070 3981 sicut
1088 3928 1222 3994 scriptum
1253 3930 1294 3982 est

711 4001 745 4055 de
761 4000 811 4054 ilio
826 4018 834 4054 :
850 3999 964 4055 oblutus
979 4002 1027 4052 est.
1047 3999 1114 4065 quio
1129 3997 1295 4066 ipseuolut‘t

712 4077 741 4126 rt
757 4070 870 4142 quondo
888 4067 993 4132 votuit:
1024 4069 1070 4123 Va
1083 4073 1174 4122 nutem
1190 4068 1296 4124 turicini

712 4144 768 4209 itti,
776 4159 825 4214 per
833 4157 912 4212 quem
922 4140 1012 4195 Filius
1021 4139 1139 4193 hominis
1152 4138 1296 4196 trudetur!
1340 4160 1353 4183 ·

715 4217 773 4282 Va,
790 4213 877 4269 idest
899 4210 1073 4266 eternaliter
1093 4207 1210 4281 peribit;
1232 4207 1298 4281 quia

712 4300 755 4341 uae
780 4285 808 4340 in
832 4283 977 4354 Scriptura
992 4295 1074 4361 sacra
1092 4285 1229 4362 aeternam
1246 4280 1298 4336 da·

713 4357 889 4415 mustiouem
902 4356 992 4411 notui.
1005 4353 1084 4410 Licet
1107 4366 1186 4411 emm
1210 4350 1302 4412 ludat
