2820 4928
241 362 280 417 bu
309 363 533 419 subtulistis
559 365 742 420 nosulilllll
770 365 896 417 llillltlll
927 364 1157 418 dicturiunt.
1283 363 1328 419 183

88 473 154 535 tos;
173 484 233 524 oon
249 470 327 525 enlin
341 470 495 541 gratiarum
510 470 679 541 dictionem,
736 476 833 527 autem
847 469 945 526 vitium
966 487 1000 527 ex
1015 469 1184 542 arrogantia
1204 470 1326 541 potissi-

90 540 144 595 sed
159 539 318 608 gratiarum
332 541 470 598 actionem
484 542 571 614 eiigil
589 560 607 599 a
623 561 680 599 nn-
738 558 813 599 mum
834 541 909 613 gigni
928 542 1012 609 solet,
1027 557 1092 598 cum
1110 557 1140 598 se
1159 542 1266 613 aliquis
1281 542 1324 599 di-

91 610 139 666 bis
155 611 293 667 Dominus
306 614 379 669 Deus
392 619 496 670 noster.
511 635 525 667 u
541 616 623 672 Unde
639 614 681 671 ait
736 629 822 684 guum
837 629 899 669 esse
911 613 1058 669 beneficiis
1072 613 1205 670 aestimrit.
1220 614 1322 670 llumi·

93 685 183 737 etiam
196 685 414 752 chrysostomus:
427 706 440 737 u
454 687 578 757 ligamus
592 686 681 758 igitur
737 685 820 740 liatus
843 701 908 741 iero
920 691 1006 756 alque
1024 684 1172 745 contritus.
1194 700 1252 740 nou
1270 701 1323 756 pro

95 754 369 837 Deojugesgratias;
381 761 473 813 elnon
484 758 570 815 modo
584 757 680 814 uerbis
735 754 819 812 bonis
841 756 942 823 solum,
961 756 1014 811 sed
1038 771 1088 828 pro
1108 756 1234 826 hisquae
1254 771 1323 812 con-

93 822 149 879 hoc
173 832 286 895 uostris,
306 843 404 884 verum
430 832 517 885 etiam
540 829 680 900 operibus
735 825 825 883 traria
851 826 1032 883 aestimantui·
1058 843 1132 895 esse,
1159 829 1318 897 gratiarum

90 896 207 964 nostris,
226 896 281 955 imo
297 898 386 971 ipsius
404 899 606 971 principaliter
626 902 679 956 im·
736 897 864 955 actiones
878 897 971 954 mittet
986 900 1054 965 Deo,
1068 903 1097 953 et
1119 898 1318 969 quodcumque

91 968 226 1036 pleamus.
251 974 373 1042 Agamus
393 987 461 1027 iero
485 971 596 1041 gratias
621 987 679 1027 non
735 969 876 1041 patietur,
896 969 966 1025 nibil
983 985 1014 1025 se
1033 969 1151 1039 dignum
1168 968 1324 1026 aestimabit

88 1036 124 1093 de
142 1040 266 1112 propriis
283 1046 408 1110 tautum,
423 1058 524 1098 verum
542 1041 629 1097 etiam
645 1042 681 1098 de
736 1055 853 1166 passum
869 1056 931 1096 esse
950 1058 957 1094 :
980 1062 993 1091 u
1022 1041 1082 1096 brec
1101 1041 1319 1109 chrysostomus.

85 1107 191 1167 alienis
213 1112 307 1168 bonis.
334 1115 377 1168 lta
396 1111 476 1168 euim
491 1117 520 1168 ct
546 1113 683 1169 inuidiam
750 1112 774 1166 't
793 1113 855 1166 baec
869 1117 911 1166 est
926 1126 1215 1183 magnacausaquare
1230 1112 1321 1167 ileum

84 1181 250 1251 poterimus
275 1183 468 1254 exstinguere,
484 1190 514 1238 et
537 1184 616 1239 alere
631 1201 684 1239 ca·
741 1198 800 1237 nou
825 1181 980 1249 diligimus,
1003 1180 1070 1252 quia
1093 1182 1155 1251 ejus
1183 1180 1322 1239 beuellcie

89 1250 222 1309 ritatem.
242 1256 341 1323 Neque
357 1255 419 1325 jam
437 1253 496 1309 illis
517 1258 625 1325 poteris
645 1254 686 1310 in·
741 1268 801 1309 non
816 1252 1057 1324 recognoscimus.
1073 1252 1153 1308 Unde
1169 1251 1209 1308 sit
1226 1254 1327 1307 Hiero-

93 1321 209 1390 videre‚
223 1323 260 1379 de
272 1340 396 1448 quorum
411 1326 495 1382 bonis
507 1327 613 1406 gratias
628 1328 685 1382 tleo
740 1340 861 1389 numus:
879 1348 890 1372 ι
909 1323 958 1381 Vis
973 1323 1046 1381 scire
1060 1338 1151 1395 quaro
1165 1325 1253 1380 ileum
1269 1336 1327 1378 non

96 1393 253 1450 referendo
292 1394 397 1451 aetaris.
413 1394 485 1463 Quid
513 1396 598 1467 igitur
618 1413 684 1453 ma·
739 1394 860 1467 diligis?
874 1394 944 1463 Quia
962 1396 1025 1467 eius
1051 1394 1191 1451 beneficia
1212 1408 1270 1475 nou
1285 1407 1327 1449 re·

91 1478 186 1534 guum
199 1465 334 1536 reposcit,
348 1466 395 1537 qui
406 1483 458 1538 pro
472 1467 640 1524 iiberalitate
654 1467 682 1524 in
738 1465 897 1536 cognoscis.
913 1467 1025 1534 Quanto
1040 1464 1134 1536 magis
1148 1465 1177 1521 in
1199 1466 1325 1522 bonitate

87 1549 147 1590 nos
162 1551 226 1602 sua,
245 1537 424 1593 solummodo
439 1543 537 1605 gratos
550 1537 603 1594 sibi
619 1555 682 1595 esse
736 1539 798 1610 ejus
815 1537 955 1606 ascendis,
982 1543 1061 1595 tanto
1080 1537 1145 1609 plus
1167 1535 1196 1592 in
1223 1550 1322 1593 amore

87 1606 285 1678 nosmetipsos
301 1607 455 1679 praecepit?
467 1608 680 1680 ingratitudinis
735 1612 797 1680 ejus
820 1608 999 1667 inardescis:
1017 1629 1031 1662 ll
1044 1610 1107 1666 liaec
1126 1610 1319 1677 Hieronymus.

636 1801 766 1861 ORATIO

134 1961 254 2019 Domine
270 1965 334 2020 lesu
352 1963 473 2035 Christe,
490 1966 525 2022 de
544 1971 596 2023 tua
613 1966 718 2040 pietate
740 1971 876 2037 conlisus,
894 1970 931 2027 ad
948 1975 977 2028 te
997 1971 1076 2042 pium
1100 1969 1255 2038 medicum,
1271 1986 1326 2041 ego

97 2035 182 2116 quasi
194 2034 330 2115 leprosis,
343 2039 480 2094 varietate
497 2044 677 2109 peccatorum
697 2057 855 2113 respersus,
876 2040 1025 2112 coniugio;
1045 2042 1081 2097 ad
1108 2043 1216 2098 iontem
1240 2041 1326 2099 mise·

94 2106 348 2188 ricordiarumego
363 2108 527 2166 immundus
542 2111 661 2168 maculis
675 2111 809 2169 vitiorum
823 2129 917 2179 curro,
934 2118 962 2169 et
975 2112 1129 2184 supplente
1144 2127 1239 2180 exoro,
1254 2127 1327 2183 qua·

93 2182 178 2233 tenus
192 2178 317 2247 digneris
335 2193 428 2235 meam
447 2196 550 2237 sanare
567 2181 774 2253 infirmitatem,
789 2184 883 2241 lavare
902 2184 1069 2252 feditatem,
1086 2188 1114 2240 et
1131 2199 1177 2240 me
1202 2182 1326 2255 dirigere

92 2249 133 2305 ad
152 2249 283 2332 salutem.
298 2249 433 2332 Damihi,
448 2260 479 2308 ut
494 2268 607 2380 semfer
620 2254 761 2312 beneficia
783 2262 833 2313 tua
855 2256 883 2312 in
897 2256 982 2313 corde
1006 2257 1139 2325 habeam,
1156 2254 1235 2313 etde
1257 2254 1323 2312 uni-

92 2326 307 2447 versislgratias
326 2322 378 2377 tibi
397 2338 496 2394 agam;
511 2340 542 2381 se
578 2325 646 2396 quia
661 2326 745 2383 homo
761 2328 899 2397 mortalis,
915 2327 986 2385 cinis
1000 2333 1029 2384 ct
1049 2327 1149 2399 pulvis,
1165 2343 1218 2384 nec
1234 2343 1321 2384 unum

91 2408 148 2464 pro
161 2391 198 2447 m'
213 2393 238 2449 le
253 2392 361 2463 gratias
373 2395 480 2451 reterre
496 2396 609 2465 sufficit,
627 2399 752 2456 referant
767 2399 817 2456 tibi
842 2407 938 2471 grates
953 2415 1006 2472 pro
1022 2415 1066 2456 me
1086 2400 1172 2470 Virgo
1192 2398 1281 2456 llario
1295 2405 1323 2454 et

94 2463 294 2590 {imiiesAciies
310 2466 533 2540 supercoelestes,
547 2473 633 2540 atque
647 2470 739 2527 omnis
754 2479 894 2543 creatura,
907 2487 970 2545 quae
989 2471 1091 2529 divinae
1105 2470 1198 2527 laudis
1211 2470 1249 2526 sit
1261 2486 1321 2525 nia·

108 2549 181 2589 erm.
221 2550 297 2592 men.

592 2864 733 2938 CAPUT
758 2868 823 2937 XX

308 3095 345 3139 on
369 3094 573 3141 sunanimitis
594 3093 756 3141 uosiiriuii
777 3092 892 3140 noiiuio
913 3082 1114 3137 inenormis.

607 3265 690 3323 Lucae
701 3279 764 3337 cap.
780 3265 826 3323 ul.

95 3470 98 3475 ’
131 3455 295 3511 iSnsisres
315 3471 419 3512 mooun
435 3473 577 3514 uosmrioii
600 3458 683 3516 Cum·
736 3463 843 3526 monte,
861 3454 908 3513 ubi
926 3455 1069 3528 quondam
1085 3454 1137 3512 lull
1153 3455 1227 3529 regis
1242 3458 1320 3529 pala·

91 3543 142 3582 sco
161 3543 315 3583 namnum.
332 3559 367 3568 -
382 3530 417 3584 Ut
434 3534 529 3585 autem
544 3530 683 3586 adventus
736 3530 823 3598 lium3
844 3528 1000 3585 secundam
1021 3527 1049 3584 in
1073 3528 1210 3585 bonorem
1234 3533 1322 3586 suncti

93 3597 207 3654 Domini
225 3600 293 3655 lesu
310 3614 367 3655 non
381 3599 492 3670 lateret,
514 3603 593 3657 misit
611 3617 683 3657 nuu-
735 3600 854 3659 loannis
868 3598 1051 3673 Baptislae.in
1064 3616 1120 3670 qua
1131 3602 1257 3673 sepultus
1270 3600 1320 3655 iuil

93 3673 147 3725 ttos
172 3684 249 3737 suos,
270 3668 378 3727 seilicet
396 3673 535 3728 iacobum
552 3678 580 3729 et
595 3675 685 3730 toan·
736 3672 811 3729 inter
824 3671 945 3728 Abdiam
958 3677 986 3727 et
998 3671 1139 3728 Elisaeum.
1152 3675 1187 3729 Et
1202 3670 1323 3728 Simmi-

92 3756 172 3810 nem,
191 3746 256 3796 cote
270 3749 441 3813 conspectum
458 3760 548 3810 mum,
564 3747 594 3799 i'n
610 3746 686 3800 civi·
738 3743 808 3812 tani,
828 3743 876 3814 qui
896 3742 1103 3799 aemulabantur
1121 3743 1226 3814 templo
1243 3745 1324 3798 tero-

91 3818 180 3869 totem
192 3814 444 3883 summitatem,
457 3823 490 3871 ut
503 3813 609 3871 ibidem
622 3815 686 3871 bos·
738 3813 1009 3887 solyinitauo,atquo
1021 3813 1328 3871 invidebonleuntibus

92 3883 198 3957 pilium
212 3889 240 3939 et
254 3890 350 3942 cetera
363 3885 534 3956 necessarii,
549 3902 613 3957 quie
628 3902 686 3942 nou
738 3886 766 3943 in
782 3885 939 3943 Jerusalem
951 3887 1081 3956 adorare,
1099 3903 1152 3940 non
1167 3887 1326 3965 receperunt

92 3954 192 4027 magui
206 3957 388 4027 constabant,
402 3956 457 4016 sibi
470 3962 684 4031 praepararent:
738 3975 808 4023 eum,
831 3960 899 4029 quio
922 3961 1010 4027 suctos
1028 3959 1088 4027 ejus
1112 3960 1172 4034 erut
1192 3957 1282 4005 cuntis
1299 3968 1329 4004 m

90 4030 129 4084 Et
157 4032 250 4082 euntes
269 4030 476 4088 intrauerunt...
500 4035 530 4087 ut
552 4036 686 4102 pararent
737 4032 897 4088 Jerusalem.
927 4031 1067 4086 volebant
1092 4028 1235 4081 christum
1266 4036 1329 4075 tum

93 4100 152 4155 illi.
174 4100 239 4155 tlaec
263 4097 362 4157 civitas
384 4101 523 4170 Samaria,
544 4118 618 4158 nunc
640 4103 684 4160 Se·
739 4100 883 4173 discipulis
897 4103 1004 4158 babere
1020 4098 1123 4176 taciem
1139 4091 1328 4173 Ιεοιῌύῐῑῑὶῐη,

94 4171 177 4227 basto
203 4170 289 4238 dicta,
311 4171 371 4243 jam
399 4172 522 4245 peccatis
548 4171 686 4247 exigenti·
740 4173 766 4228 iil
783 4178 828 4230 est
853 4161 1275 4249 praetendere·similitudinem
1301 4170 1329 4217 ot

92 4244 158 4309 bus,
174 4258 227 4298 uec
249 4241 363 4299 unicam
379 4245 466 4302 babet
486 4245 605 4303 domuin
631 4243 687 4300 nisi
741 4243 854 4316 signum
881 4242 1011 4299 euntium
1040 4253 1071 4291 in
1097 4231 1264 4315 torosulum,
1294 4235 1328 4288 ait

94 4319 208 4370 tantum
243 4313 315 4370 duas
342 4316 477 4373 ecclesias
503 4334 510 4371 ε
540 4330 628 4372 unam
656 4314 686 4370 in
741 4316 843 4371 tostum
862 4312 1008 4384 pasclialc,
1029 4322 1112 4363 caiisa
1136 4308 1272 4359 orationis
1288 4304 1329 4361 ii-
