2820 4928
151 403 200 458 338

152 512 248 567 catum
259 510 304 565 est
316 501 431 560 tradere
455 498 599 559 Christum
614 513 740 580 regnan·

154 586 212 638 tem
227 579 256 635 in
271 574 349 634 coelis
368 570 579 655 peccatoribus·
589 571 737 639 membris,

154 666 239 733 quam
251 648 595 776 amdbulanheffieufletggms
607 647 741 770 iesceccitgt

153 722 384 873 illiciiseJciluosspluse,
410 793 439 844 et
468 786 498 843 in
525 755 740 858 sempiternum,

157 881 200 921 vce
213 864 322 920 homini
335 862 388 930 illi,
400 858 446 932 qui
458 859 494 916 ad
508 872 636 914 mensam
649 855 741 913 Domi-

154 936 184 994 ni
196 935 340 1017 maliguus
350 930 470 997 accedit,
482 930 528 1001 qui
538 927 650 986 insidiis
664 943 742 984 men·

156 1013 185 1065 te
197 1006 331 1073 conditis,
339 1003 387 1077 qui
398 1000 566 1075 praecordiis
576 1000 672 1073 aliquo
684 1015 743 1056 sce·

156 1080 215 1137 lere
233 1078 357 1151 pollutus
372 1076 572 1147 mysteriorum
584 1072 687 1129 Gbristi
700 1087 742 1127 se·

159 1150 244 1208 cretis
259 1147 430 1221 participare
444 1161 502 1202 non
515 1143 631 1200 metuitl
650 1145 681 1199 at
696 1142 742 1199 ille

154 1223 232 1280 enim
249 1220 450 1292 inexemplum
468 1216 559 1284 tude,
578 1214 679 1271 Filium
693 1216 742 1270 ho-

155 1293 241 1351 minis
250 1291 347 1361 tradit,
357 1306 415 1347 non
425 1288 542 1361 quidem
556 1286 665 1344 Judaeis
676 1301 742 1369 pec·

157 1365 312 1433 caloribus,
343 1362 394 1418 sed
420 1366 517 1417 minen
547 1359 742 1431 peccatoribus

159 1434 305 1505 membris,
325 1432 457 1490 videlicet
469 1431 540 1499 suis,
574 1429 658 1487 uibus
672 1428 743 1512 illud

159 1501 565 1583 inaestimabileatqueinriola
586 1500 743 1558 ileDominr

157 1574 742 1649 Corpusviolarepraesumrt.Vae‚inquam,

157 1649 196 1705 illi
205 1648 314 1704 homini
325 1647 360 1703 de
372 1662 427 1718 quo
437 1647 531 1712 lesus,
542 1643 591 1714 qui
603 1644 744 1701 altaribus

157 1713 746 1787 sacrosanctisinterimmolandum,utpo-

158 1796 186 1848 te
215 1805 267 1863 pro
288 1789 362 1846 osita
389 1792 615 1854 consecraturus,
644 1786 744 1843 adesse

156 1861 249 1921 nond
290 1859 390 1931 itatur,
398 1856 578 1916 adstantibus
588 1856 642 1914 sibi
660 1857 744 1915 mini·

156 1933 223 1992 stris
244 1930 409 1990 caelestibus
435 1930 571 2002 conqueri
598 1930 709 2002 cogitur
734 1945 742 1985 z

158 2008 240 2077 Ecce,
251 2003 354 2077 inquit,
364 2018 466 2061 manus
479 2000 620 2058 tradentis
630 2016 674 2058 me
688 2015 745 2057 me·

158 2092 222 2135 cum
242 2082 286 2133 est
301 2075 330 2131 in
350 2074 466 2132 mensal
483 2093 498 2124 n
515 2073 576 2129 haec
598 2074 682 2129 Beda.
694 2074 743 2141 nt,

159 2154 189 2206 ut
205 2147 273 2205 dicit
295 2147 435 2215 Oripenes,
455 2144 526 2201 tales
557 2149 624 2200 sunt
644 2158 744 2200 omnes

158 2219 189 2275 in
208 2216 344 2284 Ecclesia,
360 2219 409 2288 qui
419 2214 594 2272 insidiantur
608 2215 744 2272 iratribus

94 2326 97 2335 -
160 2291 229 2357 suis,
246 2303 309 2344 cum
341 2285 603 2344 uibusadeamdem
616 2300 744 2343 mensam

160 2356 294 2431 Corporis
311 2358 332 2414 C
353 2355 416 2412 risti
436 2356 599 2428 frequenter
618 2356 742 2414 luerunt.

197 2450 211 2486 a
224 2430 409 2486 Pannicsnnn
418 2445 589 2484 raomrroms
599 2445 698 2485 musa.
710 2459 744 2471 -

160 2500 398 2559 Praedixitautem
413 2499 551 2556 Dominus
566 2499 602 2556 de
618 2499 744 2573 prodito·

159 2590 201 2640 re,
213 2575 292 2630 etsie
306 2588 371 2629 eum
381 2571 592 2644 quodammodo
607 2570 745 2628 revelavit

160 2645 265 2719 triplici
272 2645 309 2701 de
324 2658 426 2701 causa:
443 2645 586 2715 primo,ut
599 2641 640 2698 sic
651 2648 744 2699 osten·

161 2716 242 2774 deret
253 2733 283 2772 se
298 2718 398 2784 Deum,
412 2715 459 2786 qul
469 2715 563 2771 lutura
577 2713 744 2786 contingen·

158 2787 198 2845 tia
207 2786 381 2860 praevidebat
396 2803 404 2855 ;
420 2785 598 2853 secundent
612 2786 742 2842 ostende·

156 2864 202 2916 ret
218 2876 249 2916 se
264 2864 420 2930 spontanee
433 2856 503 2929 pati,
519 2855 587 2928 quia
601 2871 743 2928 precave·

159 2935 318 3003 repeterat
343 2937 474 2996 mortem,
496 2943 581 3000 quam
605 2928 743 3001 praescie-

159 3004 228 3071 bat;
244 3002 338 3063 tertio.
354 3009 384 3058 ut
403 3004 460 3072 ipse
477 3000 606 3072 proditor
621 3005 742 3069 poeirite-

158 3079 212 3142 ret,
225 3073 274 3147 qui
288 3088 319 3130 se
333 3089 387 3129 non
402 3072 490 3128 latere
504 3070 648 3128 audiebat.
664 3072 742 3128 Unde

155 3148 361 3216 Hieronymus:
379 3142 506 3212 «Quide
520 3143 654 3200 Passieno
689 3159 741 3199 rae·

156 3216 275 3286 (linerat,
301 3222 330 3272 et
360 3215 395 3271 de
425 3213 571 3286 proditore
599 3159 740 3287 praeiiicit,

155 3287 227 3343 dans
245 3286 341 3343 locum
353 3291 539 3358 poemtcnbae,
557 3292 586 3341 ut
606 3301 670 3342 cum
695 3285 741 3342 in-

156 3357 310 3413 tellexisset
331 3356 395 3413 sciri
413 3356 601 3438 cogitationes
622 3373 699 3426 suas,
713 3362 743 3415 et

157 3426 741 3499 occurtacordisconsilia,poenitereteum

155 3496 220 3551 lacti
235 3495 278 3552 sui
291 3514 298 3564 ;
312 3503 341 3551 et
354 3501 450 3552 tamen
464 3512 520 3552 nou
531 3498 663 3567 designet
675 3515 740 3556 eum

155 3564 327 3639 specialiter,
352 3583 388 3623 ne
415 3566 566 3622 manifeste
587 3573 740 3650 coargutus

153 3637 363 3713 imprudentior
382 3638 443 3707 ilat,
464 3637 513 3720 sed
528 3637 614 3694 mittit
631 3655 739 3697 crimen

152 3711 182 3769 in
199 3728 328 3782 numero,
350 3714 380 3768 ut
394 3726 526 3768 conscius
539 3711 739 3783 poenitentiam

153 3790 219 3858 agat
236 3802 243 3840 ε
260 3804 275 3835 n
296 3785 358 3840 hae
376 3785 569 3854 Hieronymus.
585 3785 619 3839 Et
634 3789 739 3841 notan·

154 3856 233 3924 dum,
242 3855 317 3928 quod
331 3872 348 3911 a
360 3854 426 3909 mali
442 3856 654 3926 perpetratione
667 3857 740 3913 solet

153 3927 256 3999 aliquis
265 3932 387 4000 quatuor
399 3924 492 4007 modis
505 3926 623 4006 retrahi,
634 3928 738 3999 quibus

158 4016 190 4055 cx
212 3997 411 4073 magnitudine
439 3998 643 4053 misericordie
676 4014 738 4055 suae

154 4070 416 4128 tentavitDominus
430 4067 604 4141 proditorem
614 4067 736 4143 discipu·

151 4138 209 4197 lum
226 4157 243 4197 a
262 4147 341 4200 tanto
356 4141 463 4199 scelere
486 4141 680 4220 perpetrando
697 4141 735 4199 ad

150 4212 348 4283 poenitentiam
370 4227 514 4280 revocare,
535 4210 643 4267 scilicet
658 4229 664 4267 :
680 4228 733 4284 pu·

150 4283 230 4352 dore,
245 4299 311 4341 cum
325 4283 395 4341 dicit
411 4302 418 4341 :
438 4287 512 4343 Unus
526 4298 561 4339 ec
579 4284 656 4339 vobis
672 4289 731 4340 tru-

149 4352 193 4415 det
206 4369 258 4427 me,
273 4359 322 4412 et:
338 4357 406 4414 Ecce
421 4370 521 4415 menas
537 4355 673 4414 tradentis
687 4371 730 4414 me

519 391 679 449 SRGUNDAE
705 387 825 444 italis
851 387 960 443 CAPUT
993 388 1039 442 LV

794 511 898 553 mentm
930 499 1034 552 estin
1060 512 1185 565 mensem
1215 498 1309 567 timore,
1363 560 1366 565 ,

795 566 1063 624 comminationem
1075 568 1226 641 supplicii,
1236 585 1290 628 cun
1302 569 1349 629 aa:
1363 584 1366 589 ·

797 641 846 697 Vae
859 646 954 696 eutem
972 642 1091 696 bomini
1106 642 1158 696 itti
1170 647 1352 714 perquisita

796 712 916 767 bominis
930 712 1095 768 tractetur!
1111 720 1146 769 ut
1162 714 1211 784 qui
1230 715 1356 786 pudorem

796 781 1054 849 vincituntimore
1071 783 1261 858 corrigatur;
1275 788 1358 845 unte

795 853 987 925 exhibitione,
1009 871 1084 913 cum
1112 856 1199 914 illum
1217 858 1254 914 ad
1279 874 1361 917 nen·

795 941 875 982 suem
892 927 1013 997 recipit,
1030 935 1064 983 et
1080 927 1111 984 ei
1128 930 1221 1057 {edes
1235 932 1363 997 laratmle

796 1002 857 1054 ctus
872 1002 1063 1068 ostensione,
1083 1002 1115 1056 in
1156 1001 1243 1058 landa
1255 1002 1362 1059 illene

798 1084 843 1133 ne,
859 1085 926 1126 cum
942 1069 1018 1126 dicit
1037 1087 1045 1126 z
1065 1074 1185 1142 Amice,
1199 1074 1237 1129 ml
1250 1074 1308 1145 quid
1319 1092 1362 1130 rm

796 1143 857 1196 sti?
871 1140 917 1198 Sic
932 1143 1078 1214 exemplo
1102 1144 1215 1202 Christi
1231 1146 1310 1203 bonus
1322 1163 1363 1219 pra

797 1213 871 1269 latus
885 1212 1124 1272 subditisetium
1139 1218 1227 1274 malis
1240 1218 1365 1275 debeterl'r

797 1284 865 1340 bere
884 1286 1050 1356 beneficia,
1067 1293 1104 1344 nt
1115 1296 1261 1370 quantum
1272 1288 1298 1346 in
1309 1296 1364 1347 scot

797 1371 846 1412 eos
858 1370 876 1412 a
888 1371 941 1413 sua
956 1363 1087 1415 revocet
1104 1368 1169 1417 vita
1183 1362 1269 1419 mala.
1284 1362 1327 1419 Sed
1337 1364 1364 1419 te

797 1426 850 1483 das
865 1426 945 1484 nullo
958 1429 1076 1487 horum
1093 1431 1257 1515 frangitur,
1270 1449 1300 1490 ne
1311 1432 1366 1490 boui

798 1514 863 1555 nem
876 1498 986 1570 tradat,
1007 1517 1108 1574 quem
1125 1505 1180 1561 Dei
1198 1503 1294 1562 Filium
1312 1522 1366 1561 nors

798 1575 852 1627 rat.
868 1570 1044 1653 laesionem
1064 1590 1142 1647 ergo
1155 1579 1230 1634 lesu
1245 1576 1368 1649 elnam

798 1641 983 1724 considerare
999 1644 1273 1717 volenti,occurrit
1284 1648 1368 1721 primm

798 1712 919 1840 pertidia
946 1715 1141 1786 proditoris,
1172 1720 1227 1792 qui
1252 1719 1369 1777 tentabit

809 1784 906 1841 randis
915 1800 1078 1866 yenenore
1101 1789 1369 1864 nonantulano

799 1860 828 1912 et
840 1857 995 1938 Dominum
1010 1875 1070 1929 pro
1094 1867 1163 1919 eret
1176 1880 1184 1932 ;
1199 1868 1285 1921 muta
1297 1862 1370 1934 copiti

798 1930 865 1983 tatis
880 1928 998 1986 damma
1011 1945 1197 2005 succensus,
1212 1939 1244 1991 ut
1259 1938 1369 1992 neonu-

798 2002 1107 2081 gentovenumdaret‚
1117 2010 1151 2062 et
1163 2005 1371 2077 pretiosundlri

799 2074 834 2126 sti
858 2086 1031 2142 sanguinem
1053 2074 1124 2132 vilis
1150 2078 1293 2136 mercedis
1309 2076 1370 2152 pretii

799 2149 998 2224 compensaret
1011 2162 1020 2212 ;
1034 2150 1134 2204 tantae
1147 2148 1276 2222 denique
1289 2150 1371 2221 inpiati

799 2214 916 2284 tudinis,
931 2220 965 2271 ut
980 2230 1052 2273 eum
1090 2218 1122 2275 ui
1140 2224 1244 2278 omnia
1257 2221 1306 2279 sibi
1320 2235 1371 2277 om

798 2283 915 2366 miserat
934 2290 963 2341 et
981 2287 1020 2343 ad
1036 2233 1165 2348 cuimen
1188 2309 1206 2349 a
1228 2292 1371 2350 ostollcilo
1409 2310 1410 2313 ¹

798 2368 1192 2428 norisprovexerat,renum
1215 2364 1371 2422 aretadnoo
1408 2375 1410 2398 ¹

797 2431 857 2483 tcm
868 2445 876 2496 3
889 2434 976 2510 tantae
990 2429 1129 2503 duritiae,
1143 2441 1177 2491 ut
1186 2452 1240 2493 nec
1254 2434 1370 2493 tandm

797 2502 1370 2582 tatecoonvii,nechumiiitateobsepii

798 2586 849 2626 nec
858 2578 996 2629 suavitate
1008 2574 1171 2648 colloquii,
1188 2596 1241 2636 nec
1253 2575 1371 2636 mulcebri

797 2646 856 2699 tate
870 2642 969 2725 osculi,
983 2659 1001 2701 a
1017 2654 1170 2728 concepta
1185 2651 1294 2709 malitie
1305 2649 1370 2721 potnit

797 2716 971 2796 peracerbo
995 2732 1073 2776 mira
1093 2720 1271 2794 benignitas
1292 2719 1369 2780 Christi

798 2801 826 2840 ru
842 2786 1012 2869 discipulum
1027 2790 1153 2859 durum,
1168 2794 1321 2851 Doruiniin
1331 2809 1371 2850 scr

794 2871 861 2936 num
875 2863 1104 2927 nequissimum!
1125 2867 1237 2922 Verum
1250 2866 1312 2923 licet
1321 2867 1371 2921 incr·

797 2928 939 3010 plicabilis
956 2931 1044 2986 luerit
1070 2935 1243 3005 proditoris
1257 2936 1371 3011 impieta

797 3015 826 3054 in
850 3016 1022 3082 immensum
1039 3008 1144 3063 lamen
1165 3025 1233 3066 cam
1253 3012 1371 3080 exsuperii

796 3073 868 3141 ligni
895 3074 944 3128 Dei
965 3073 1139 3133 dulcissima
1158 3078 1370 3139 mansuetndoin

796 3143 956 3223 exemplum
981 3150 1049 3203 data
1074 3151 1271 3219 mortalibus,
1286 3159 1313 3210 ut
1331 3153 1371 3223 jan

797 3229 853 3294 non
866 3215 987 3297 dicatab
1000 3217 1097 3274 arnico
1107 3234 1288 3296 exsuperata
1297 3226 1372 3281 hunt·

797 3300 834 3340 na
848 3285 999 3344 infirmitas
1015 3305 1022 3344 :
1036 3291 1165 3349 sienim
1179 3301 1311 3353 inimicus
1321 3309 1374 3351 ucis

795 3357 1373 3438 maledixissetmilibsustinnissemutipat.

796 3443 864 3507 quia
878 3445 944 3486 ecce
970 3431 1058 3488 homo
1079 3437 1250 3509 unanimis,
1270 3439 1314 3512 qui
1335 3440 1375 3495 dm

796 3499 946 3581 ridebatur
966 3508 1113 3575 elnotus,
1135 3508 1189 3579 qui
1211 3527 1300 3584 panes
1314 3511 1374 3569 Chri·

796 3575 832 3625 str
846 3570 960 3635 edebat.
977 3581 1005 3630 et
1017 3573 1048 3631 in
1063 3591 1153 3635 sacra
1170 3581 1226 3639 illa
1237 3599 1316 3641 coena
1329 3581 1374 3639 dul·

795 3657 841 3698 ees
861 3642 992 3715 capiebat
1006 3645 1097 3717 cibos,
1117 3654 1373 3724 magnificabatu-

794 3717 1232 3852 iilillilttlttllutffl’
1248 3733 1277 3784 ‘¹
1293 3723 1373 3852 'iil

1193 3814 1246 3855 um
1288 3814 1329 3855 un

794 3857 918 3914 nabetur
928 3859 1117 3932 suppeditare
1126 3864 1240 3936 ipsum.
1248 3815 1293 3928 ’Sic
1305 3867 1370 3926 bodie

794 3928 874 3984 multi
891 3931 1013 4001 praelati,
1024 3932 1123 3991 clerici
1140 3944 1168 3995 et
1187 3941 1245 3998 reli
1267 3942 1326 4003 iosi.
1338 3936 1371 4011 qui

792 3999 871 4056 laute
885 4002 983 4058 vivunt
996 4002 1032 4061 de
1048 4006 1235 4075 patrimonio
1246 3958 1370 4078 {cesidii

791 4070 887 4127 levant
898 4071 1183 4139 calcaneumcoutra
1199 4082 1369 4142 christanis

792 4143 926 4224 membris
941 4146 1010 4216 suis,
1039 4150 1272 4231 supplantantes
1294 4157 1366 4224 emet

791 4214 952 4297 aldigentes
965 4217 1132 4292 mlumniis,
1144 4229 1176 4281 et
1191 4225 1368 4286 exactionibus

790 4290 1067 4422 ¹mbusltiiscumoritn
1094 4382 1246 4447 amaritia,
1276 4373 1366 4431 Cnistt
