2842 4920
312 368 352 423 bu
381 368 497 423 ntltt'tt
526 368 677 423 BPULONE
704 368 743 422 at
771 368 901 423 balaan
928 365 1087 421 uranico.

75 480 226 539 sustentat
234 492 411 551 pauperem.
428 478 487 546 ipse
499 480 675 535 sustentatur

75 566 252 625 apaupere.
270 570 283 599 ι
303 550 477 623 Ειριιιιιιιιιι
503 558 598 607 antem
628 551 673 607 ιιιι

76 640 187 683 nomen
204 621 353 694 pauperis,
378 622 444 694 quia
461 625 546 679 alteo
561 640 613 695 per
626 639 674 694 ap-

75 695 286 826 hrobatiouem
306 701 369 750 erat
389 695 531 765 cognitus,
555 695 628 752 sicut
647 701 674 750 et

105 766 168 841 oysi
179 765 217 822 oli
232 785 247 819 ιι
262 764 351 821 dicit:
373 769 445 823 Noun
462 774 487 822 tr
503 784 538 822 ear.
553 771 672 823 nomine.

75 840 159 899 Unde
189 845 219 895 et
245 835 421 909 pauperibus
436 838 593 895 humilibus
606 836 675 894 dici-

76 916 141 969 tur:
159 910 288 967 Gaudete
310 913 338 964 et
354 910 506 977 exsrrltate,
535 911 609 981 qarod
631 927 674 966 no

75 987 155 1041 mian
184 989 280 1038 nestra
299 985 405 1053 scripto
430 987 496 1037 siant
530 985 560 1037 in
587 984 671 1039 culis.

77 1058 206 1114 Lazarus
234 1057 388 1126 pauperet
409 1052 525 1110 humilis
541 1054 673 1110 nemina-

77 1132 137 1195 tur‚
154 1126 236 1182 diues
262 1140 331 1181 vero
351 1140 403 1180 nee
431 1124 546 1182 nomine
570 1125 673 1197 dignus

78 1200 214 1257 halotur.
241 1196 364 1253 Nomina
394 1198 534 1254 bonorum
567 1200 674 1269 srripta

79 1276 150 1328 sunt
165 1269 198 1325 in
207 1268 279 1325 libro
289 1268 351 1337 Ilei,
361 1273 390 1324 et
402 1269 520 1325 nomina
531 1269 673 1325 malorum

82 1343 116 1399 in
132 1339 208 1398 libro
223 1339 338 1397 diaboli.
365 1343 396 1396 ιιι
421 1357 477 1412 quo
493 1341 673 1413 pensandum

82 1420 140 1481 est,
154 1417 288 1484 quantum
305 1410 425 1469 interest
443 1412 672 1485 interpnbliram

83 1484 181 1555 legem
201 1482 307 1544 mundi.
341 1490 370 1540 et
397 1483 551 1555 benignam
569 1486 673 1554 Legem

80 1556 145 1615 Dei.
165 1556 236 1612 Nam
253 1554 356 1611 divites
382 1565 448 1613 sunt
463 1556 571 1613 mnodo
598 1556 672 1611 erle-

79 1628 150 1685 bres
166 1642 219 1699 per
232 1626 350 1685 nomina
376 1644 438 1695 sira,
464 1628 513 1683 sed
534 1643 674 1755 pauperes

77 1700 185 1767 latent,
205 1714 258 1754 nee
273 1715 378 1756 nomen
394 1699 422 1755 in
435 1699 542 1756 mundo
555 1700 589 1755 ba
613 1702 672 1754 ent.

77 1773 142 1829 bles
170 1774 215 1827 est
235 1769 368 1827 direndi:
397 1772 516 1838 Quando
543 1771 578 1827 de
603 1772 673 1826 nrbe

97 1841 204 1901 ridenti
229 1858 338 1912 sumus,
360 1841 484 1899 obviavit
502 1841 585 1898 nobis
608 1840 673 1897 talis

119 1929 196 1981 mes,
221 1913 267 1969 vel
289 1915 426 1971 Dominus
443 1930 483 1981 ;e
513 1920 612 1970 eontra
638 1913 674 1969 de

75 2002 210 2063 paupere
224 1984 330 2041 diritnr
340 2004 347 2042 :
356 1986 509 2043 Nobiscum
521 2002 596 2043 unus
607 2001 673 2057 pau·

74 2075 132 2135 per
148 2058 257 2129 agebat
270 2057 334 2114 iter.
350 2058 405 2115 Sed
415 2058 444 2115 iu
462 2056 615 2127 Erarigelio
631 2060 674 2112 est

74 2146 143 2189 mos
157 2128 333 2197 contrarius,
344 2129 411 2213 quia
422 2129 557 2202 pauperis
570 2145 673 2185 nemen

75 2200 265 2274 exprimitur,
283 2199 380 2258 divitis
399 2217 467 2258 rere
480 2216 584 2257 nomen
599 2204 673 2256 taee-

76 2280 148 2342 tur;
166 2274 310 2341 superbos
328 2272 431 2330 divites
459 2289 508 2342 per
534 2270 674 2343 judicium

76 2342 300 2419 reprobationis
324 2346 398 2401 Dens
422 2343 523 2413 nescit,
551 2342 674 2401 humiles

76 2432 228 2493 pauperes
246 2431 297 2487 prr
308 2415 447 2487 judicium
462 2413 676 2489 approbationis

75 2493 181 2547 nescit.
202 2485 342 2543 Cominus
361 2487 461 2559 aspicit
476 2489 540 2553 bos,
554 2492 582 2542 et
602 2485 674 2542 emi·

75 2577 134 2619 nus
146 2564 231 2617 arcet
242 2556 316 2613 illos.
327 2559 467 2615 Divitibus
481 2564 545 2615 snut
560 2556 676 2613 nemina

78 2632 109 2691 in
125 2628 259 2688 eulmine
289 2630 400 2697 mnndi,
425 2630 475 2687 sed
523 2629 677 2701 anperibus

76 2709 146 2761 sunt
163 2700 285 2758 nomina
299 2701 327 2758 in
342 2702 408 2759 anta
424 2701 482 2757 Dei.
499 2646 553 2769 Eut
564 2702 677 2770 iterabat

78 2776 119 2832 ud
130 2777 258 2847 joariam
274 2774 332 2843 ejrrs
359 2775 496 2829 ulceribus
510 2774 619 2844 plenas.
648 2777 677 2828 ut

81 2863 116 2904 ex
129 2843 281 2901 sirinitate
296 2845 387 2917 magis
406 2850 558 2917 appareret
572 2843 678 2900 duritia

81 2916 194 2984 divitis,
216 2916 346 2972 exeundo
369 2922 395 2973 et
421 2916 589 2973 revertendo
613 2931 678 2971 erim

87 2986 227 3054 ridentis,
244 2994 273 3044 rt
286 2991 425 3060 patientia
441 2987 572 3061 pauperis
589 3004 622 3045 er
637 2987 678 3043 ri-

90 3059 173 3117 sione
185 3056 281 3115 diritis
308 3060 358 3116 Ubi
371 3063 577 3130 chrysostomus
590 3076 596 3115 :
610 3080 623 3111 ιι
636 3061 679 3115 ln·

93 3130 256 3187 felicissime
269 3130 428 3201 bominum,
444 3136 563 3187 mortem
577 3147 677 3205 eorpo-

94 3201 133 3258 ris
148 3200 190 3261 tui
208 3200 284 3259 rides
297 3204 398 3285 jacere
424 3210 490 3260 ante
504 3203 632 3277 januam.
651 3206 680 3258 et

94 3290 150 3331 non
173 3272 320 3330 misereris
335 3276 342 3330 l
359 3275 387 3332 Si
403 3273 450 3331 liri
467 3280 609 3347 precepta
620 3290 679 3329 nnn

92 3344 271 3411 consideras.
293 3347 395 3403 saltem
421 3345 557 3403 miserere
581 3344 680 3401 condi-

91 3416 257 3481 tionistnae,
277 3422 305 3474 et
327 3417 395 3475 time
417 3434 453 3474 ne
472 3422 501 3474 et
529 3416 588 3488 ipse
615 3416 681 3474 talis

90 3488 240 3546 efficiaris.
252 3507 266 3539 ιι
278 3490 395 3561 Cupiens
407 3492 532 3545 saturari
544 3490 579 3545 de
589 3491 680 3556 miris,

91 3576 147 3617 non
164 3558 238 3615 dirit
258 3560 293 3616 de
311 3560 456 3634 pretiosis,
473 3578 533 3631 pree
548 3561 681 3616 cedebant

88 3632 122 3689 de
143 3647 242 3687 mense
257 3630 380 3699 diritie3
408 3632 618 3759 ‹punitammodo
638 3630 681 3689 di-

89 3720 159 3761 cens
173 3702 212 3759 ad
223 3702 359 3760 divitem:
375 3705 412 3761 Su
428 3703 525 3759 tiriunl
541 3702 609 3759 milri
626 3702 681 3759 mi-

89 3792 130 3832 cae
145 3790 255 3831 mensae
277 3780 343 3842 tuae,
359 3792 430 3846 quas
445 3773 604 3843 abjiciendo
621 3790 682 3843 prn-

88 3846 156 3919 Jieis
177 3845 257 3901 inde.
274 3847 373 3903 Praebe
387 3846 521 3905 initurde
537 3848 681 3919 superllne

89 3918 318 3986 eleemosynam,
333 3920 377 3975 lae
391 3892 425 3975 ‹io
441 3935 497 3974 uon
514 3919 620 3976 damno
639 3918 681 3974 lu-

89 4004 193 4056 ernm;
211 3987 240 4044 in
256 4006 312 4061 spuo
328 3989 416 4047 nimia
432 3989 537 4048 duritia
552 3997 681 4063 apparet,

89 4076 126 4118 eo
153 4060 232 4131 qood
270 4076 364 4133 perire
395 4062 578 4135 permittebat
608 4064 682 4119 nude

86 4148 202 4219 pauper
220 4130 363 4195 sublevari
391 4140 517 4219 poterut.
543 4138 580 4191 Et
605 4150 681 4190 neme

88 4204 250 4273 allidebat,
264 4205 334 4333 guia
350 4206 398 4265 tali
416 4206 533 4265 domme
559 4205 624 4264 talis
639 4206 681 4263 ta·

89 4276 190 4345 milia;
207 4280 236 4332 et
254 4278 261 4331 i
284 4292 318 4333 eo
346 4277 597 4337 conformabantur
610 4280 636 4336 ei
652 4277 681 4335 iu

89 4346 196 4405 mentis
222 4346 339 4407 duritia.
363 4350 435 4408 Cum
457 4365 524 4421 ergo
538 4354 604 4409 aute
633 4348 682 4421 ja·

1263 364 1310 419 tet

729 495 816 537 uuam
825 478 946 535 lineares
954 479 1114 551 jareretter
1126 475 1234 534 risione
1244 492 1312 545 pau-

729 568 805 624 peris
828 551 907 607 diviti
934 567 991 607 non
1011 550 1168 612 miserenti,
1184 548 1314 607 rumnlns

728 623 920 681 damnationis
931 624 1094 690 inlrrtnnet
1108 639 1208 679 rursus
1223 638 1255 677 ex
1270 623 1311 674 vt·

729 696 809 752 sione
820 694 914 751 <tirius
929 700 1051 751 tentatos
1066 694 1193 763 (quotidie
1205 709 1311 765 pauper

728 769 875 841 probatur.
893 769 981 834 erem
999 766 1034 823 ad
1060 769 1198 829 maiorem
1226 764 1315 836 ipsius

728 841 924 913 probationem
935 844 1087 911 paupertas
1100 837 1183 894 simul
1194 843 1221 893 et
1230 835 1313 907 agri·

728 912 850 979 todoat
877 913 937 967 risa
957 910 1052 966 (linitis
1070 910 1162 981 eopia,
1183 915 1211 965 et
1237 907 1317 965 nulla

728 982 782 1039 sibi
796 981 925 1039 adbibita
937 980 1095 1038 ronselatio
1108 981 1247 1038 altri-iniit.
1261 978 1313 1037 Ubi

728 1055 804 1115 idem
815 1056 1045 1122 ttbapsestonnrs:
1065 1074 1079 1105 ιι
1097 1052 1252 1109 AEnretatio
1263 1053 1312 1108 ha-

727 1129 775 1184 bet
788 1124 905 1195 aliquod
920 1124 1062 1189 solatium,
1077 1125 1099 1179 si
1115 1140 1183 1197 opes
1206 1124 1310 1191 lrabet3

728 1198 752 1255 si
772 1203 867 1255 aulem
887 1197 923 1255 ad
943 1192 1116 1252 inllrmitatis
1140 1194 1313 1261 nraanitudi-

728 1286 794 1327 nem
808 1268 925 1326 arredat
936 1274 963 1323 et
979 1271 1140 1339 riaupertas,
1155 1265 1257 1338 (triplex
1271 1270 1316 1322 est

728 1339 892 1398 infirmitas.
910 1340 1020 1407 Quanta
1040 1354 1107 1406 ergo
1120 1337 1148 1394 in
1164 1338 1218 1394 isto
1230 1353 1315 1411 pirna

728 1419 782 1481 est,
803 1412 831 1469 in
846 1426 901 1483 qno
927 1410 1004 1468 inter
1020 1414 1098 1466 tanta
1121 1409 1238 1467 rulnera
1257 1425 1315 1465 nen

728 1483 858 1542 meminit
876 1483 991 1539 dolores
1011 1483 1170 1555 planarum,
1195 1482 1244 1539 sed
1267 1482 1316 1537 ta-

728 1557 806 1615 mist
824 1578 836 1607 o
857 1556 912 1613 Sed
926 1560 951 1610 el
967 1571 1047 1609 naues
1059 1556 1205 1609 ueniebant
1219 1560 1245 1609 et
1260 1556 1315 1609 liu·

728 1630 830 1697 orbant
845 1629 938 1683 utrem
953 1627 1032 1695 rjr1s3
1054 1625 1128 1683 uude
1144 1625 1209 1682 talis
1226 1625 1317 1697 pietas

728 1700 757 1757 in
779 1698 916 1769 lingendo
938 1698 1033 1755 ulrera
1064 1698 1199 1769 narrporis
1223 1699 1318 1765 areirit

728 1771 862 1829 duritiam
883 1769 988 1835 divitis,
1005 1771 1072 1841 (ruia
1091 1772 1182 1839 magis
1195 1769 1318 1826 ruriales

728 1847 809 1901 erant
841 1859 925 1899 ranes
951 1841 1080 1914 pauperi,
1108 1858 1193 1911 qnam
1217 1856 1316 1898 eornm

728 1914 872 1973 dominus.
884 1916 916 1969 Et
937 1930 988 1968 rrer
1001 1931 1018 1970 a
1035 1930 1065 1969 se
1075 1928 1159 1969 renes
1170 1927 1317 1969 remouere

728 1990 849 2060 poterat,
867 2001 918 2041 nee
933 1983 1062 2041 visitator
1074 1989 1146 2052 erat,
1162 1982 1208 2054 qui
1226 1999 1318 2039 remo·

728 2065 816 2114 reret.
838 2056 890 2125 Qui
909 2054 1017 2112 etiamsi
1041 2056 1197 2112 mordendo
1207 2056 1318 2125 prrnxis·

729 2134 802 2196 seul,
814 2146 870 2184 ιιιιιι
885 2133 961 2185 esset
975 2127 1022 2198 qni
1041 2126 1104 2183 illos
1117 2125 1279 2183 amovisset.

764 2203 876 2269 dbinns
893 2217 1023 2257 rauranrs
1043 2217 1075 2255 er
1089 2216 1197 2255 erraris.
1215 2230 1249 2241 -
1264 2200 1316 2259 Fo-

729 2278 801 2330 ctum
810 2278 849 2328 est
857 2277 958 2327 eutem.
969 2278 1000 2327 ut
1007 2276 1155 2329 moreretur
1166 2270 1320 2339 mendicus,

729 2344 758 2401 in
774 2347 924 2415 patientia,
942 2359 1005 2413 qiam
1024 2359 1092 2415 opus
1106 2346 1258 2413 perlectum
1274 2344 1321 2397 lra-

731 2418 773 2472 bet
784 2416 932 2488 prolutus,
941 2421 966 2471 et
979 2420 1148 2487 portaretur,
1160 2414 1318 2471 seeundum

730 2486 868 2546 aninram.
880 2488 1038 2555 audouera
1048 2489 1078 2543 ia
1088 2492 1179 2543 sinum
1188 2487 1318 2551 Abnoba,

732 2560 766 2615 de
787 2560 919 2615 mendino
947 2558 1026 2615 diros
1048 2558 1148 2623 fortiis,
1173 2556 1261 2613 idest
1282 2557 1318 2613 nd

731 2629 871 2702 requiem,
888 2634 916 2686 et
936 2629 1053 2687 limbum
1069 2633 1233 2686 sanrlornm
1259 2631 1317 2684 Pa-

732 2706 819 2768 trnm,
845 2700 891 2757 ιιιιί
914 2701 1124 2758 desrendrbant
1144 2699 1248 2757 aninam
1271 2702 1316 2769 ju-

732 2780 842 2830 stornm
860 2773 1054 2840 morientum,
1067 2778 1221 2842 antequam
1233 2787 1319 2841 uene-

735 2846 793 2903 rale
809 2844 1041 2917 impedimentum
1063 2843 1162 2913 glorias
1179 2860 1228 2911 ner
1251 2844 1318 2899 Pas-

733 2918 843 2973 sionem
873 2914 976 2973 Christi
1006 2920 1080 2971 esset
1098 2922 1240 2981 amolum;
1268 2912 1317 2982 qui

735 2987 824 3051 sinus,
851 2987 1006 3043 senodum
1034 2988 1233 3053 desperantem,
1252 2983 1317 3039 idne

732 3060 854 3117 Abralrm
870 3057 961 3114 dietus
978 3061 1030 3123 est,
1051 3073 1107 3113 non
1131 3056 1206 3127 quiid
1233 3052 1319 3126 ipsius

733 3136 844 3188 tanturn
860 3132 905 3185 sit.
929 3129 978 3184 sed
995 3128 1071 3200 quod
1091 3127 1151 3193 inse
1168 3128 1320 3184 multarum

733 3207 860 3275 gentium
876 3202 1013 3269 distorsit,
1035 3199 1137 3327 ruribus
1152 3200 1188 3256 ad
1206 3198 1319 3257 imitan-

735 3275 804 3331 dum
829 3272 938 3345 positus
953 3278 1003 3329 est
1022 3274 1043 3328 U
1066 3271 1074 3327 i
1093 3274 1317 3341 Glrrysosloraus:

737 3368 752 3399 ιι
766 3348 827 3402 Non
849 3346 1002 3403 suffecerat
1019 3343 1055 3400 ad
1076 3343 1247 3414 portandum
1263 3344 1318 3407 du·

737 3418 819 3489 nelus
833 3433 907 3473 unus
928 3431 1093 3487 pauperem,
1107 3416 1156 3472 sed
1170 3420 1321 3485 propterea

736 3492 833 3562 plures
844 3487 961 3545 veniunt
984 3493 1014 3544 ut
1024 3488 1142 3545 rherum
1156 3487 1263 3545 laetitia
1278 3488 1322 3544 la-

738 3560 1322 3631 ciant,GairdetnnnsnuisanAngelorum

737 3638 846 3689 larrluru
863 3648 935 3688 orius
954 3636 1089 3697 tanuere3
1111 3631 1233 3688 libenter
1255 3631 1321 3687 tali·

736 3704 789 3760 bns
813 3702 947 3759 oneribus
965 3710 1190 3775 praegravantur,
1220 3708 1250 3760 nt
1269 3703 1322 3759 du·

737 3774 944 3831 eantlrenrines
964 3775 1000 3831 ad
1030 3792 1118 3838 renna
1137 3775 1285 3831 (zelorum.
1307 3796 1322 3827 ιι

737 3848 864 3903 nortatus
880 3852 919 3902 est
942 3852 1033 3903 uatem
1047 3853 1072 3902 et
1091 3847 1178 3914 dirus,
1195 3845 1261 3917 utria
1277 3846 1321 3902 di·

736 3916 812 3974 vitiae
827 3935 881 3974 non
902 3924 1021 3991 possunt
1043 3935 1061 3975 a
1078 3926 1168 3974 morte
1184 3922 1293 3973 salvane
1311 3935 1317 3985 ;

736 3996 761 4047 et
787 3992 911 4060 serialtirs
933 3997 973 4047 est
1002 3994 1032 4046 ia
1060 3993 1181 4058 inferno,
1213 3987 1322 4044 seilicet

736 4064 947 4129 damnatorum,
964 4061 992 4117 id
1010 4070 1051 4118 est
1073 4064 1099 4116 in
1130 4058 1321 4130 proirrnditrle

739 4151 887 4205 prerrarnm
930 4134 1122 4197 internarium,
1159 4132 1194 4187 de
1231 4129 1319 4187 divite

736 4207 882 4263 mendirns
897 4207 997 4263 laetus.
1012 4203 1093 4261 tlirrs
1107 4204 1157 4260 iste
1174 4210 1319 4273 tamquam

736 4278 841 4337 diaboli
857 4278 1044 4350 parochianos
1063 4275 1100 4333 ad
1126 4274 1319 4333 eoemrrteriuru

734 4348 883 4419 infernale,
898 4347 1105 4407 adaemonibus
1115 4354 1159 4407 est
1166 4348 1316 4409 deductos,
