2820 4928
321 365 360 419 DE
386 365 476 420 nouo
503 363 751 421 contentiosis
777 366 976 434 latratas,
1007 367 1075 423 BTC.

93 475 221 533 rorando
237 474 274 532 ad
287 474 417 532 Ecclesia
432 473 582 542 unitatem,
595 475 678 530 erunt

90 549 184 603 soluto
197 551 222 603 et
236 550 266 602 ia
282 548 356 630 eoelo,
371 562 425 629 per
436 545 560 602 divinam
572 561 673 615 appro-

1289 366 1323 423 51

729 473 909 546 audientem
925 474 966 532 sic
986 477 1015 533 iu
1030 475 1166 545 Ecclesia,
1182 475 1236 533 uisi
1250 492 1317 533 con·

729 562 842 604 sensum
873 548 1014 618 habuerit,
1050 550 1123 605 Deus
1145 564 1202 605 uon
1238 548 1315 605 delc-

91 617 246 674 bationem.
263 622 302 675 Ae
313 635 336 675 sr
353 635 393 674 ers
405 618 501 675 dicat:
528 618 675 674 Sententia
728 619 856 675 ctaturiu
872 636 915 685 ea,
927 636 980 677 nec
994 620 1075 677 audit
1086 636 1289 676 voceseorum.
1300 639 1315 669 »

91 698 188 745 vestra
203 690 284 747 firma
296 689 381 748 stabit
396 689 425 745 in
437 688 596 762 abjiciendo
609 704 676 744 con·

91 765 243 829 tumacem,
263 769 291 817 et
311 760 338 818 in
351 761 514 833 recipiendo
534 762 674 833 poeniten·

89 833 160 901 tem,
172 832 300 890 adhibita
320 838 414 890 lamen
433 833 531 889 debita
555 831 675 903 diligen·

90 904 132 959 tia
156 904 317 962 inferendo
334 903 518 962 sententiam.
541 903 606 961 Sive
623 920 675 960 au*

87 979 146 1030 tem
170 977 257 1047 juste,
280 977 340 1033 sive
365 976 469 1048 injuste
505 976 676 1045 proteratur,

85 1062 200 1119 semper
225 1047 370 1105 sententia
399 1047 522 1119 Pastoris
551 1046 679 1103 timenda

87 1124 151 1186 est,
165 1135 200 1175 ue
211 1119 284 1175 torte
294 1123 449 1190 culpaquae
465 1135 523 1173 non
533 1117 564 1172 rit
574 1133 679 1187 exope-

88 1205 132 1257 re,
144 1189 195 1245 tiat
206 1206 239 1246 ex
253 1191 389 1246 elatione.
403 1192 461 1245 lloc
471 1188 540 1244 dicit
548 1190 682 1245 Dominus

90 1259 129 1316 ad
140 1260 419 1317 commendationem
433 1258 612 1316 auctoritatis
630 1260 682 1314 Ec·

93 1328 201 1398 etesiae,
212 1336 242 1386 et
251 1331 288 1387 ad
297 1336 439 1388 terrorem
449 1333 639 1402 peccatorum
652 1333 682 1386 ut

94 1406 284 1458 coerceantur
297 1418 315 1458 a
330 1403 423 1472 malis,
434 1408 463 1457 et
477 1403 633 1471 poeniteaut
647 1403 680 1457 de

92 1472 266 1541 commissis,
298 1473 412 1546 quaudo
443 1471 573 1539 audiunt,
605 1472 678 1542 quod

87 1541 137 1599 bic
157 1544 282 1599 interra
306 1552 424 1615 propter
443 1547 555 1615 cuipam
581 1542 674 1616 ligati,

86 1614 213 1686 ligamur
223 1619 251 1671 et
265 1615 293 1671 in
318 1616 408 1672 coelis.
432 1615 513 1683 Quod
541 1630 607 1670 vero
630 1615 676 1670 hic

86 1684 263 1813 generaliter
282 1688 414 1743 omnibus
434 1687 548 1754 dicitur,
568 1684 675 1742 dictum

99 1756 142 1814 uit
156 1758 244 1830 supra
259 1759 342 1814 Petro
359 1757 553 1829 singulariter,
566 1757 597 1812 in
617 1773 674 1829 quo

87 1833 186 1885 tamen
199 1844 298 1886 omnes
311 1829 518 1902 intelliguntur.

124 1905 141 1967 4
156 1903 214 1957 Uno
223 1917 347 1958 consona
358 1918 392 1957 sx
402 1919 503 1959 ursione
512 1919 565 1959 cua
575 1905 675 1959 Encas·

92 1987 146 2038 sin,
170 1988 267 2034 nouus
280 1989 497 2030 mcouauarcan
513 1991 675 2032 arianarum

90 2071 126 2083 -
140 2043 257 2112 Deinde,
272 2050 303 2100 ut
324 2050 485 2117 peccatores
504 2061 561 2101 nou
582 2052 678 2103 conte-

91 2118 193 2170 mnant
207 2131 321 2187 poenam
334 2130 391 2187 qua
404 2118 440 2173 ab
451 2117 575 2174 Ecclesia
586 2117 676 2174 exclu-

88 2184 206 2255 duntur,
222 2186 302 2260 ponit
315 2187 373 2243 duo
391 2190 541 2245 commoda
555 2205 589 2245 ex
611 2190 676 2246 uni·

88 2259 147 2313 nte
161 2261 189 2313 et
202 2259 402 2316 communione
417 2260 557 2328 Ecclesiae,
573 2259 678 2330 quibus

87 2328 124 2384 ab
137 2329 386 2402 Ecclesiapraecisi,
395 2331 676 2396 etexcommunicati,

88 2400 253 2471 privantur.
271 2431 304 2441 -
329 2400 454 2458 Primum
481 2402 583 2474 tangit,
612 2419 678 2460 cum

84 2469 158 2526 dicit
174 2493 181 2525 :
195 2475 296 2529 lterum
310 2472 372 2528 dico
382 2474 469 2542 vobis,
484 2477 552 2544 quio
574 2476 601 2530 si
622 2475 677 2530 duo

85 2556 123 2596 en
137 2542 217 2598 cobis
245 2546 439 2612 consenserint,
466 2543 497 2601 in
521 2546 607 2613 bono,
624 2561 677 2619 per

87 2612 229 2670 unionem
245 2615 323 2684 fidei,
337 2620 364 2671 et
375 2631 427 2698 per
438 2631 540 2673 nexum
550 2616 677 2673 caritatis

85 2691 308 2756 superterram,
333 2687 382 2743 ubr
411 2691 453 2743 est
478 2689 675 2761 opportunitas

86 2760 220 2815 merendi
244 2758 288 2814 vel
304 2757 481 2828 demerendi,
497 2770 525 2816 ot
545 2761 581 2816 de
610 2761 675 2817 aliis

84 2828 250 2900 judicandi;
276 2830 311 2885 de
326 2832 400 2886 omni
425 2847 456 2885 re
476 2847 676 2914 quamcumque

87 2903 234 2971 petierint,
261 2917 325 2958 cum
347 2900 404 2958 lide
428 2906 456 2958 et
479 2901 540 2959 sine
563 2903 677 2958 haesita-

87 2974 179 3039 tione,
206 2975 253 3042 ttet
279 2974 350 3040 itlts,
377 2972 479 3029 merito
502 2975 631 3039 unitatis,
658 2989 675 3027 a

90 3042 176 3097 Patre
194 3059 262 3110 meo,
279 3046 329 3113 qui
341 3046 371 3101 in
389 3047 463 3100 coelis
486 3049 537 3099 est.
558 3046 677 3114 Semper

90 3127 162 3184 ergo
190 3121 304 3171 orantes
329 3115 528 3183 exaudiuntur,
556 3130 676 3170 concur-

89 3182 223 3264 rentibus
236 3185 446 3244 condition'rbus
461 3187 565 3243 adhoc
584 3184 678 3256 requi·

88 3258 155 3310 sitis
169 3272 177 3311 τ
198 3262 229 3312 ut
241 3256 349 3314 scilicet
363 3262 445 3314 orent
458 3275 508 3326 pro
519 3274 559 3325 se,
571 3273 605 3314 ac
619 3256 674 3327 pie,

88 3332 117 3381 et
129 3337 358 3400 perseveranter,
376 3334 405 3385 ct
415 3335 514 3400 petant
528 3328 677 3400 expedien-

85 3398 138 3467 tia,
159 3398 267 3457 scilicet
291 3401 329 3457 ad
351 3399 473 3456 salutem
493 3400 675 3472 pertinentia,

87 3483 122 3525 ac
138 3470 186 3526 Uei
202 3470 379 3528 ordinationi
400 3471 614 3537 convenientia3
637 3479 675 3543 et,

88 3539 113 3622 si
127 3540 206 3613 digni
217 3548 284 3599 sunt
297 3542 350 3613 ipsi
365 3541 413 3613 oui
426 3550 535 3616 petunt.
554 3546 587 3600 Et
598 3543 675 3616 ideo,

88 3627 114 3668 si
149 3629 209 3669 uon
239 3615 441 3679 exaudiuntur,
480 3614 509 3672 id
537 3616 579 3686 sit,
599 3632 676 3686 quo-

87 3682 167 3764 niam
176 3682 207 3740 in
222 3685 427 3756 aliquohorum
440 3685 585 3744 deliciunt.
597 3688 677 3757 Saepe

88 3762 177 3836 etiam
195 3771 245 3827 pro
258 3756 321 3812 aliis
338 3756 538 3827 exaudiuntur;
554 3757 606 3815 etsi
619 3774 677 3815 uon

89 3831 185 3883 oratio
202 3843 303 3884 eorum
319 3827 350 3885 in
373 3832 467 3885 sinum
482 3846 581 3886 eorum
609 3845 676 3886 con-

88 3901 228 3954 vertetur.
245 3898 297 3956 Ubi
312 3900 443 3970 Oriycnes
459 3918 466 3956 ε
480 3920 494 3954 a
512 3903 545 3958 lit
568 3903 620 3958 ista
635 3906 696 3958 est,

90 3970 179 4025 etiam
193 3986 291 4039 causa,
307 3979 422 4043 propter
436 3988 523 4045 quam
551 3989 609 4029 non
623 3989 676 4029 cr-

88 4040 224 4098 audimur
237 4049 362 4114 orantes,
383 4044 522 4116 quianon
537 4044 675 4102 consenti·

89 4128 155 4168 mus
175 4112 258 4169 nobis
273 4130 325 4187 per
339 4117 435 4173 omnia
448 4131 534 4188 super
557 4122 676 4184 terram,

89 4199 185 4255 neque
198 4186 441 4259 cognatamque
449 4187 676 4244 conversatione.

89 4257 173 4329 Saepe
195 4257 273 4313 enim
298 4260 327 4313 in
355 4259 479 4329 musicis,
509 4258 564 4316 nisi
592 4257 678 4314 luerit

89 4327 294 4388 convenientia
320 4345 433 4405 vocum,
462 4347 521 4388 non
554 4331 677 4388 delectat

731 689 780 747 Ubi
795 695 823 747 et
836 694 1018 762 Hieronymus
1034 710 1041 747 ε
1055 712 1069 742 «
1087 693 1246 749 Possumus
1260 707 1316 748 au·

731 768 787 819 tem
804 768 832 818 et
854 764 905 820 hoc
924 763 1110 836 spiritualiter
1129 762 1314 834 intelligere:

730 834 808 905 quod
822 833 876 890 nisi
890 835 1006 906 spiritus
1023 842 1052 892 et
1075 834 1171 891 anima
1192 850 1314 907 corpus-

731 920 786 975 que
810 906 1018 974 consenseriut,
1041 912 1068 962 et
1098 923 1155 963 uon
1174 905 1251 963 intra
1284 921 1315 962 se

731 976 839 1034 bellurn
858 978 1033 1034 diversarum
1048 976 1200 1034 habuerint
1214 977 1314 1033 voluu-

733 1052 835 1109 tatum.
856 1048 891 1105 de
910 1048 986 1106 omni
1013 1066 1055 1114 re,
1101 1065 1164 1106 uam
1217 1048 1315 1105 tierint

734 1116 889 1200 impetrent
902 1136 920 1176 a
935 1122 1028 1176 Patre.
1049 1066 1123 1177 uellit
1138 1120 1175 1177 du
1198 1119 1257 1176 ium
1272 1123 1316 1175 est

736 1205 807 1260 quin
823 1191 960 1247 bonarum
976 1207 1072 1248 rerum
1093 1191 1244 1262 postulatio
1270 1193 1317 1254 sit,

738 1260 786 1316 ubi
802 1276 904 1333 corpus
918 1262 976 1318 vult
988 1263 1094 1319 babere
1110 1278 1144 1319 ea
1157 1278 1220 1333 quae
1234 1260 1317 1332 spiri-

737 1334 1097 1404 tus:»traeettieronymes.
1119 1365 1138 1374 -
1159 1333 1320 1391 Secundum

736 1404 920 1461 commodum
946 1410 998 1473 est,
1014 1405 1171 1476 quoniam:
1195 1405 1248 1462 Udi
1266 1403 1319 1458 duo

733 1477 777 1530 oet
801 1481 867 1545 tres,
882 1475 971 1532 multo
998 1475 1091 1548 magis
1109 1477 1156 1533 ubi
1174 1480 1239 1532 sunt
1252 1474 1318 1547 plu-

733 1562 790 1614 res,
820 1550 988 1620 coayreyotr',
1014 1547 1045 1604 id
1076 1552 1119 1604 est
1158 1545 1230 1603 uniti
1266 1561 1318 1618 per

732 1617 818 1675 iidem
840 1624 869 1675 et
896 1619 1052 1686 caritatem,
1078 1635 1136 1675 non
1160 1616 1242 1674 divisi
1261 1632 1319 1745 Xer

731 1689 902 1747 discordiam
917 1690 1171 1759 etdissensionem,
1189 1705 1247 1746 non
1283 1689 1318 1744 is·

730 1760 805 1834 persi
828 1778 881 1834 per
895 1767 1074 1820 terrenarum
1091 1776 1188 1819 rerum
1205 1776 1316 1817 concu-

731 1832 909 1959 piscentiam,
922 1851 978 1891 uon
993 1834 1136 1907 segregati
1154 1849 1206 1906 per
1219 1833 1316 1903 singu-

741 1903 886 1974 aritatem,
901 1909 931 1961 ia
945 1909 1054 1962 nomine
1077 1922 1146 1970 meo,
1162 1905 1191 1960 id
1215 1909 1259 1960 est
1281 1901 1318 1958 ad

732 1976 854 2032 salutem
869 1980 1025 2048 propriam,
1039 1978 1083 2034 rel
1098 1975 1225 2032 alienam
1240 1990 1319 2045 quae·

732 2046 910 2114 rendam,ad
924 2048 1044 2119 gloriam
1051 2045 1178 2104 nominis
1193 2044 1247 2101 mei
1261 2059 1319 2100 ma·

733 2117 936 2186 attestandam,
956 2119 1033 2176 uude
1060 2120 1215 2176 liubanis:
1246 2134 1260 2168 «
1287 2117 1319 2197 lu

734 2189 849 2246 nomine
865 2189 977 2247 Dornini
988 2188 1032 2246 isti
1043 2191 1320 2262 quippecougregatr

734 2267 810 2328 sunt,
830 2260 877 2334 qui
898 2261 985 2332 ipsius
998 2261 1118 2333 gloriam
1134 2260 1317 2340 aemulantur,

733 2330 822 2402 ipsius
833 2332 933 2404 spiritu
947 2334 1067 2399 terrent,
1079 2333 1172 2405 ipsum
1182 2331 1211 2388 iu
1227 2347 1317 2388 omui·

733 2403 786 2460 bus
794 2411 880 2477 etper
890 2404 986 2461 omnia
998 2405 1063 2462 lidei
1074 2404 1162 2461 oculis
1171 2407 1200 2460 et
1211 2401 1317 2458 mundo

733 2476 819 2532 corde
834 2492 892 2532 non
905 2475 1040 2533 desinunt
1054 2475 1160 2532 intueri
1174 2496 1188 2526 a
1202 2475 1243 2529 ibt
1257 2487 1318 2552 sum

732 2548 762 2601 in
774 2549 863 2603 medio
875 2564 976 2606 eorum.
994 2548 1091 2604 favens
1107 2545 1160 2614 eis,
1177 2551 1205 2602 et
1221 2560 1318 2625 sss‘qffll

732 2633 831 2674 esceus
856 2619 939 2676 bonae
963 2619 1104 2676 voluntati
1132 2622 1161 2673 et
1188 2620 1318 2689 petrtrom

732 2704 842 2759 eorum,
869 2706 902 2746 ae
917 2694 1020 2762 iuvans
1043 2706 1093 2747 eos
1118 2689 1148 2745 iu
1172 2685 1316 2743 omnibus.

731 2762 793 2833 lpse
809 2760 897 2826 enim,
914 2761 963 2832 qui
983 2767 1025 2817 est
1040 2778 1093 2833 pax
1109 2766 1137 2816 et
1152 2758 1267 2818 caritas.
1284 2771 1317 2813 oc

732 2847 876 2888 summum
886 2837 915 2888 et
929 2847 1081 2887 commune
1094 2829 1317 2908 annumeratam

732 2908 817 2972 atque
833 2901 1037 2957 habitationem
1053 2900 1107 2955 sibi
1126 2900 1253 2954 inbonis
1274 2901 1319 2953 at·

733 2986 788 3042 que
803 2971 930 3041 pacificis
944 2969 1103 3037 collocavit,
1119 2971 1166 3039 qui
1183 2982 1247 3021 cum
1267 2969 1318 3022 l‘a·

733 3047 777 3097 tre
792 3040 900 3098 coelesti
914 3056 989 3096 unus
1003 3042 1088 3100 Deus.
1098 3055 1161 3110 quae
1175 3040 1248 3107 ju-te
1264 3053 1318 3108 pe-

733 3117 797 3168 tunt
823 3113 851 3166 in
881 3112 937 3168 ttde
968 3117 997 3167 et
1015 3109 1107 3184 gratia
1132 3108 1317 3180 congregati,

733 3182 866 3240 concedit
877 3189 905 3240 et
921 3182 997 3239 lacit.
1015 3181 1066 3240 Ubi
1088 3184 1315 3251 chrysostomus:

735 3254 1316 3328 etlondicitsimpliciter:Ubideooeltres

732 3332 891 3397 conpreputr'
898 3334 980 3397 sunt,
996 3327 1045 3385 sed
1053 3326 1133 3385 addit
1143 3345 1152 3382 ε
1163 3331 1195 3385 ln
1208 3330 1316 3383 nomine

732 3415 800 3456 meo.
827 3399 910 3468 Quasi
938 3399 1036 3456 dicat:
1061 3399 1179 3471 Siquis,
1198 3405 1315 3471 propter

732 3487 789 3540 me,
801 3472 986 3552 principalem
997 3470 1131 3528 amicitiae
1146 3487 1259 3528 causam
1279 3469 1316 3526 ad

731 3558 890 3615 proximum
909 3544 1051 3612 babuerit,
1066 3560 1130 3600 cum
1150 3558 1184 3599 eo
1201 3559 1268 3605 ero;
1288 3545 1317 3596 et

733 3614 773 3670 sic
793 3613 822 3670 in
842 3613 906 3671 aliis
932 3614 1075 3672 virtuosus
1089 3615 1154 3672 erit.
1179 3637 1191 3662 ι
1214 3613 1265 3669 Ubi
1289 3616 1317 3667 et

732 3686 862 3742 Rudanas
879 3689 1012 3743 :enatat
1031 3686 1156 3744 medium
1178 3684 1318 3741 mediator

733 3754 783 3813 Dei
796 3765 825 3813 et
838 3756 998 3823 homiuum,
1014 3757 1062 3829 qui
1074 3762 1103 3813 in
1117 3757 1206 3814 medio
1221 3757 1316 3811 docto·

717 3845 795 3891 ,rum
817 3827 948 3884 inventus
970 3837 1023 3899 est,
1047 3831 1154 3886 medius
1180 3831 1257 3883 stetit
1279 3824 1316 3880 ad

732 3900 919 3971 Baptismum,
935 3901 1045 3958 medius
1059 3899 1200 3973 pependit
1215 3901 1244 3954 in
1258 3912 1320 3951 cru·

734 3987 776 4040 ce,
791 3986 940 4043 resurgens
955 3989 1068 4056 qnoque
1085 3975 1161 4028 stetit
1179 3974 1209 4024 ta
1228 3968 1319 4048 medio

732 4041 1065 4113 discipulorum,medius
1076 4057 1189 4113 quoque
1200 4038 1236 4094 ad
1241 4037 1318 4108 Judr-

734 4116 806 4171 cium
816 4114 939 4181 veniens,
949 4116 1094 4186 separabit
1108 4126 1197 4180 agnos
1210 4110 1246 4164 ab
1259 4108 1319 4188 boe·

732 4186 799 4244 dis:
817 4206 831 4240 n
845 4187 907 4243 baec
916 4187 1057 4243 Roboaria.
1080 4183 1149 4235 Ecce
1159 4193 1318 4260 'praemium

733 4257 904 4326 concordiae,
915 4257 952 4312 ad
967 4268 1053 4324 quam
1067 4256 1143 4306 totus
1158 4254 1213 4306 rste
1224 4264 1319 4310 sermo

733 4334 824 4386 vocat.
834 4327 914 4385 Unde
926 4324 966 4383 ait
975 4327 1175 4392 Hieronymus:
1194 4343 1208 4373 α
1221 4321 1320 4383 Omnis
