2820 4928
83 370 130 427 sso
320 333 324 339 ’
429 366 589 422 siconia
617 366 735 423 tiaris
762 363 870 453 citor
899 365 966 421 nri

87 475 289 537 universaliter
300 474 466 532 immundus
478 492 485 544 ;
496 473 520 531 si
536 476 601 546 quis
617 492 677 533 non

89 559 133 609 ost
149 547 312 621 discipulus,
336 545 473 603 discedat.
493 547 555 603 lion
577 546 677 620 recipit

88 638 149 693 eos,
168 620 217 693 qui
239 634 296 675 oon
311 624 378 675 sunt
396 616 468 674 tales
482 617 544 674 haec
560 633 674 676 mensa:

87 695 154 754 cum
172 691 319 764 discipulis
337 691 412 746 enim
433 692 511 754 meis,
525 688 575 758 ait,
600 693 675 759 sacto

87 766 204 824 Pascha.
226 764 291 819 llaec
305 767 349 818 est
364 761 414 818 illa
432 778 541 824 mensa.
563 766 592 818 et
604 761 675 819 nihil

88 837 184 895 minus
196 834 245 891 illa
258 834 345 890 habet
357 852 363 895 ;
376 834 430 889 hoc
447 832 514 890 itliid
527 839 571 889 est
581 849 675 890 coena·

87 908 183 965 culum
198 905 319 963 ubitunc
332 910 457 974 luerunt,
468 904 534 961 hinc
548 906 583 961 ad
596 921 675 961 mon·

86 984 146 1037 lein
167 978 312 1036 Oliiaium
329 977 467 1034 exierunt.
489 979 627 1033 Eieamus
646 981 676 1033 et

90 1068 143 1111 nos
166 1050 195 1107 in
213 1065 315 1108 manus
332 1064 502 1178 pauperum,
519 1049 580 1105 haec
597 1047 673 1105 enim

89 1121 170 1195 regio
181 1139 261 1179 mons
274 1128 318 1177 est
357 1119 476 1177 litarem
486 1137 492 1176 :
502 1119 584 1176 olivae
597 1119 674 1177 enim

91 1200 156 1253 sunt
169 1194 341 1266 plantatam
358 1193 442 1248 domo
457 1191 579 1260 Domini,
593 1191 674 1248 idest

84 1282 244 1341 pauperum
269 1263 419 1322 multitudo
450 1263 536 1320 stillat
567 1263 673 1332 oleum,

107 1340 163 1396 uod
177 1337 224 1393 hic
239 1342 281 1393 est
300 1335 368 1393 utile
384 1337 475 1392 nobis.
497 1338 540 1391 lta
554 1334 630 1391 enim
646 1340 675 1391 et

86 1355 177 1468 Deum
199 1407 352 1480 propitium
368 1406 547 1475 habebimus,
566 1413 595 1463 et
606 1407 674 1463 mul·

87 1485 146 1538 tam
167 1495 347 1537 assumemus
359 1479 543 1535 mercedem:
571 1500 585 1529 ii
613 1479 675 1535 haec

87 1554 305 1622 chrysostomus.
317 1549 346 1607 Si
357 1566 453 1621 quent,
461 1550 616 1606 secundum
626 1553 675 1607 De·

86 1624 163 1691 dom,
177 1627 281 1689 movet,
298 1637 363 1677 cuin
390 1625 518 1677 coenatus
544 1621 674 1678 Salvator

88 1691 233 1764 Apostolis
251 1708 333 1748 suum
356 1692 478 1763 Corpus,
498 1707 531 1747 ac
547 1692 674 1762 Sangui-

90 1780 156 1822 nem
170 1761 300 1831 tradidit,
313 1777 401 1834 quare
415 1779 466 1818 nos
471 1762 563 1835 jejuni
572 1764 673 1820 eadem

89 1840 269 1894 sacramenta
275 1832 463 1907 percipiamus
475 1851 481 1890 :
493 1835 675 1906 audiat,quia

90 1915 159 1965 tunc
179 1923 296 1964 necesse
323 1913 385 1963 erat
413 1906 538 1979 typicum
565 1908 676 1963 Pascha

87 1979 165 2108 prius
185 1977 389 2048 consummari,
409 1984 437 2035 et
454 1981 494 2036 sic
516 1978 554 2035 ad
576 1994 675 2035 rerum

112 2053 200 2109 ascha
212 2050 347 2119 transire,
369 2066 403 2107 ac
417 2051 476 2108 reri
492 2050 607 2107 Paschae
627 2065 675 2106 sa·

24 2128 27 2133 '
90 2122 675 2187 crameotasuhstitni3nuncauteminho·

87 2212 188 2252 norom
203 2202 232 2252 et
248 2211 300 2266 pro
317 2194 477 2250 reverentia
491 2193 563 2249 tanti
579 2208 675 2249 sacra·

89 2264 177 2323 menti
204 2265 345 2337 placuisse
373 2265 517 2335 magistris
543 2263 676 2320 Ecclesiae

90 2338 184 2410 primo
196 2352 249 2391 nos
269 2334 424 2391 Dominicae
438 2334 582 2391 Passionis
592 2335 678 2406 parti·

91 2407 233 2480 cipatione
242 2405 360 2475 muniri,
372 2412 401 2463 ot
411 2406 676 2479 spiritualibusepu·

93 2480 128 2537 lis
154 2477 265 2547 satiari,
289 2478 394 2536 deinde
413 2477 535 2535 terronis
556 2478 677 2551 dapibus

92 2568 196 2636 eorpus
209 2550 300 2608 rellci.
320 2551 390 2608 Sunt
405 2558 500 2608 aetem
516 2549 571 2607 tria
588 2549 677 2607 sacri-

91 2625 150 2682 ficii
165 2639 289 2696 genera:
304 2639 405 2692 urium,
419 2622 559 2679 Dominici
575 2638 676 2694 corpo·

90 2698 145 2767 ris;
157 2701 289 2762 atterum,
305 2694 420 2752 contriti
430 2693 538 2762 cordis;
550 2697 675 2764 tortium,

91 2767 270 2826 mortillcatae
285 2766 388 2823 carnis.
405 2769 523 2838 Oportet
538 2781 605 2836 ergo
625 2783 677 2822 sa-

91 2842 230 2898 criticium
254 2837 434 2907 humilitatis,
461 2836 621 2909 praecedere
646 2837 677 2894 in

90 2917 196 2976 mente,
213 2909 378 2967 afflictionis
389 2909 417 2965 iii
435 2925 531 2979 carne,
553 2914 582 2964 ut
594 2908 679 2965 dero·

89 2986 130 3042 tio
139 2984 280 3040 habeatur
289 2980 463 3038 inDominici
476 2980 602 3051 corporis
612 2998 678 3037 con·

89 3051 678 3126 secratioiieetreceptionehppropinqua

93 3142 181 3197 nunc,
197 3133 226 3183 et
242 3131 284 3195 tu,
299 3127 335 3183 ad
349 3127 424 3182 hanc
440 3141 548 3181 cinnam
565 3124 677 3180 mendi-

93 3215 173 3268 cans,
191 3204 220 3253 ut
237 3199 447 3269 eleemosynam
463 3196 528 3252 inde
542 3196 676 3268 accipias.

91 3270 134 3326 tto
157 3269 234 3343 quod
259 3274 286 3325 tc
308 3272 439 3325 bortatur
455 3269 613 3337 Aasclmus,
633 3267 677 3325 di-

94 3355 179 3397 cens:
198 3362 211 3391 ‹i
227 3343 289 3396 Jam
300 3357 376 3395 nnnc
389 3340 511 3396 ascende
522 3355 586 3396 cum
600 3356 634 3396 eo
647 3339 678 3395 in

95 3412 273 3468 coenaculum
286 3418 418 3478 stratum,
429 3411 551 3482 grande;
566 3418 594 3466 et
606 3412 679 3468 satu·

92 3481 162 3538 taris
179 3497 268 3537 coenac
283 3481 422 3536 iuteresse
435 3481 545 3537 deliciis
556 3481 680 3552 gratula-

92 3570 133 3610 re.
150 3552 249 3610 Vincat
275 3551 451 3607 iracundiam
477 3566 569 3616 amor,
593 3552 677 3608 timo·

91 3641 153 3683 reni
177 3623 305 3682 excludat
326 3621 454 3691 allectus,
474 3627 505 3678 ut
528 3621 628 3679 saltem
643 3624 678 3681 de

94 3693 679 3768 micismensaeilliiiscloeniosynamprae·

95 3772 159 3828 beat
173 3768 344 3825 mendicanti
358 3785 365 3836 ;
382 3769 435 3836 iel,
452 3784 469 3824 a
484 3767 567 3848 louge
582 3773 635 3835 sta,
651 3773 680 3825 et

94 3840 173 3913 quasi
210 3839 456 3912 auporattcndens
472 3840 501 3896 in
516 3838 679 3908 dii·itcm,ut

95 3858 207 3984 aliquid
244 3910 384 3984 accipias,
414 3910 533 3967 extende
563 3929 679 3972 maiium

95 3989 186 4051 tuam,
207 3985 366 4055 limamque
388 3981 521 4055 lacrymis
540 3987 628 4054 prode
643 4007 651 4042 :
664 4007 678 4039 ii

95 4055 328 4111 hiecilriselmus.

135 4149 165 4182 io
176 4128 278 4182 Uarini
289 4144 364 4183 claui
374 4142 564 4182 rnnrrsoaara
575 4144 603 4182 iri
614 4145 680 4185 uari·

96 4214 682 4265 storacinamnannucirioscacsirasca-

97 4284 148 4332 ais.
166 4286 197 4323 ici
208 4286 235 4322 iii
255 4285 405 4325 onniriosa
419 4273 635 4326 Mnacaisooecii.
648 4302 681 4312 -

97 4339 185 4399 Coena
199 4338 313 4398 Domini
327 4341 396 4399 olim
418 4342 450 4399 in
464 4358 569 4400 manna
585 4341 680 4414 piaefl-

771 481 835 533 rata
849 476 917 540 luit,
937 472 1027 546 quod
1046 473 1129 531 Deus
1142 470 1208 530 filiis
1218 474 1300 533 maela

751 556 843 605 eserto
866 545 968 603 dedit.
986 545 1080 602 Dedit
1098 544 1207 602 ludaeis
1220 545 1302 616 liguria

731 621 790 676 ieri
800 619 895 691 panis,
906 616 1031 674 scilicet
1043 632 1156 688 panem
1171 621 1303 675 matemloii

731 696 759 748 et
779 690 979 762 temporalem
995 706 1003 759 ;
1025 688 1120 746 nobis
1135 698 1225 746 autem
1238 691 1304 746 ieiiti

729 768 799 831 tem,
814 761 930 818 scilicet
954 776 1072 834 panem
1094 762 1305 831 supersubstanti-

729 834 802 891 alem
824 839 854 890 et
874 835 1071 889 aeternalem.
1091 834 1199 890 Manna
1216 839 1306 890 cretton

730 904 1306 975 tuiiabeoincoebiaeieo,seopausuli

729 977 822 1045 datus,
840 976 957 1033 scilicet
970 975 1128 1040 Christus,
1145 977 1308 1033 descenditis

729 1048 800 1105 coelo
808 1064 885 1104 vero.
895 1049 1036 1105 -Coena
1048 1048 1168 1105 Domini
1179 1048 1308 1119 etiampra

729 1120 853 1191 figurata
865 1119 922 1176 luit
940 1119 970 1175 in
992 1135 1078 1191 agno
1153 1121 1236 1187 chali,
1250 1136 1307 1191 quea

730 1193 802 1249 Deus
815 1194 908 1262 primo
924 1191 1074 1262 praecepit
1107 1191 1307 1249 liisisraetnai·

728 1264 843 1331 ducare,
866 1264 988 1332 quando
1011 1262 1149 1320 decrerit
1172 1281 1221 1320 eos
1236 1265 1307 1320 deri·

728 1335 856 1409 ptiiitate
865 1333 1044 1407 AEuyptiaca
1058 1335 1189 1392 liberare
1199 1355 1205 1393 :
1215 1336 1248 1391 ita
1256 1334 1308 1392 Chri

729 1414 789 1464 stus
812 1412 1036 1463 sacramentum
1056 1408 1246 1464 Eucharistiae
1265 1414 1308 1463 taos

750 1479 853 1535 timum
871 1477 1017 1547 instituit,
1034 1480 1158 1550 quando
1175 1497 1227 1537 nos
1241 1479 1308 1536 adh·

767 1550 822 1606 lica
835 1553 980 1623 potestate
994 1552 1119 1621 eripere
1133 1552 1233 1609 voluit.
1246 1552 1309 1619 Quin

729 1622 766 1678 do
776 1621 828 1678 lilii
838 1622 927 1679 lsrael
938 1637 1055 1705 agnum
1068 1624 1241 1680 Paschalem
1249 1639 1306 1678 nao-

730 1693 881 1763 ducabant,
897 1694 1043 1750 succincti
1059 1701 1162 1763 erant,
1178 1694 1308 1752 mentun

710 1765 862 1822 *manibus
896 1765 1056 1835 tenebant,
1080 1772 1113 1823 et
1135 1768 1250 1824 stabant
1266 1765 1310 1832 ;ita

730 1835 974 1917 communicantes
989 1837 1109 1894 debent
1121 1854 1188 1895 esse
1200 1836 1308 1895 succincti

730 1924 781 1980 per
797 1913 898 1964 mentis
914 1913 944 1964 et
957 1911 1100 1981 eorporis
1116 1910 1279 1972 castitatem,
1291 1913 1309 1963 ot

730 1986 828 2036 tenere
851 1979 981 2048 baculos,
1006 1996 1063 2052 per
1087 1988 1182 2038 rectae
1201 1980 1309 2038 hleibi-

731 2054 870 2120 mitatem,
891 2050 1002 2108 debent
1019 2051 1115 2109 etiam
1143 2054 1231 2110 erecti
1254 2059 1309 2109 stare

730 2122 761 2180 in
774 2121 849 2179 bona
863 2121 932 2193 rita,
950 2138 1041 2194 quem
1059 2123 1278 2192 inchoaverunt,
1290 2129 1310 2176 tt

731 2211 789 2251 non
804 2210 834 2251 se
848 2193 950 2250 itonam
968 2210 1124 2267 reponere
1140 2198 1169 2253 in
1181 2198 1274 2263 lutum,
1285 2194 1309 2249 le

731 2282 787 2394 3υο
808 2267 867 2337 jam
885 2272 1091 2324 surrexerunt.
1115 2270 1217 2342 Agnus
1234 2283 1309 2324 conic-

752 2338 923 2394 cbaturcum
937 2338 1061 2395 lactucis
1077 2341 1310 2411 agrestibusque

732 2419 795 2466 sunt
809 2424 914 2465 amarae
925 2426 932 2477 ;
945 2412 974 2465 et
990 2425 1046 2466 nos
1061 2411 1210 2469 debemus
1223 2413 1310 2482 eoipu

731 2479 844 2538 Domini
860 2480 1038 2538 manducare
1054 2499 1125 2539 cum
1145 2499 1243 2540 amara
1259 2497 1310 2537 con

733 2551 858 2609 tritione.
874 2552 926 2619 Qui
944 2553 1145 2611 comedebant
1160 2570 1271 2629 agnum,
1282 2560 1311 2607 tc·

733 2625 874 2682 nebantur
894 2622 980 2694 pedes
1008 2641 1079 2682 snos
1109 2627 1258 2694 calceare;
1282 2624 1311 2679 sic

734 2693 974 2758 communicantes
1000 2695 1115 2752 debent
1141 2698 1231 2770 pedes
1250 2710 1311 2759 siros,

735 2767 762 2824 id
773 2773 816 2824 est
825 2767 942 2823 allectus
952 2773 979 2822 ct
994 2766 1159 2839 desideria,
1173 2770 1312 2834 custodire,

733 2839 859 2896 cavendi
873 2854 908 2894 ne
921 2838 1021 2910 aliqua
1034 2841 1222 2898 maculentur
1232 2841 1312 2897 sonte.

733 2913 831 2982 Agnus
842 2909 986 2967 Pasclialis
998 2926 1056 2967 non
1065 2912 1125 2969 luit
1133 2921 1233 2970 coctus
1241 2925 1313 2982 aqua,

735 2985 784 3038 sed
801 2988 912 3063 assatus
932 2981 1013 3055 igne;
1031 2988 1060 3039 et
1077 2985 1260 3042 manducans
1272 2982 1312 3038 de

733 3055 782 3112 bet
796 3070 857 3110 esse
872 3052 980 3124 ignitus
996 3053 1132 3112 caritate.
1150 3087 1185 3099 -
1200 3057 1312 3113 Christos

733 3128 792 3183 Rex
811 3131 839 3182 et
856 3126 993 3182 Sacerdos
1010 3142 1099 3184 verus
1120 3126 1312 3184 Eucharistian

734 3198 787 3255 sub
800 3199 894 3270 specie
909 3197 990 3267 panis
1006 3206 1036 3253 et
1053 3197 1115 3254 vini
1127 3200 1220 3267 dedit,
1233 3205 1260 3255 et
1271 3199 1313 3252 hoc

735 3267 1254 3341 sacramentuminstituit,quodolim
1264 3266 1314 3325 blei

734 3341 885 3397 chisedech
900 3356 946 3396 rei
965 3341 1140 3398 etsaccrdos
1157 3342 1209 3398 Dei
1224 3337 1312 3399 altissi-

735 3413 774 3468 mi
803 3413 820 3468 ti
863 3411 963 3481 ravit;
1003 3420 1164 3486 eapropter
1190 3413 1314 3476 Christus,

733 3486 817 3541 Sacer
838 3500 877 3544 os.
896 3428 1044 3539 secundem
1065 3487 1196 3541 ordinem
1213 3484 1314 3541 Melchi-

733 3556 995 3626 sedecliappellatur
1005 3553 1035 3611 in
1051 3556 1183 3625 Psalmo,
1199 3556 1313 3629 quiahoc

734 3634 943 3684 sacramentum
961 3624 990 3681 in
1007 3626 1160 3686 oblatione
1179 3626 1312 3686 Melchise·

735 3698 806 3755 dech
827 3697 1074 3788 praefigurabatur.

773 3792 800 3826 ii
819 3771 907 3825 lacni
920 3787 1109 3827 coaraxrioiiis
1120 3789 1204 3830 iurari
1216 3785 1312 3828 oisnrc·

734 3859 795 3911 cos,
811 3843 934 3898 Doiiiscs
946 3859 986 3897 sis
1000 3859 1189 3902 nuniaiririiii
1203 3858 1310 3901 coium·

735 3930 796 3970 oar.
813 3946 840 3954 -
866 3917 949 3970 Pecto
968 3921 1007 3969 est
1025 3920 1120 3971 autem
1136 3924 1163 3972 ct
1183 3917 1310 3978 contentio,

735 3985 820 4043 idest
837 3983 1007 4055 disquisitio,
1023 3988 1098 4042 inter
1112 4004 1157 4043 eos
1169 3987 1271 4045 scilicet
1282 3982 1311 4040 b

736 4055 870 4129 scipulos.
901 4061 1076 4128 palaeorum
1103 4059 1247 4116 videretur
1268 4069 1310 4113 ost

735 4131 835 4197 major.
847 4128 900 4185 Ubi
914 4129 1074 4198 sciendum,
1085 4132 1163 4202 quod
1178 4147 1242 4188 cum
1256 4132 1312 4199 lpo-

736 4199 1311 4276 stoliaudieruntChristumpraedicaoteoi

737 4270 919 4328 traditionem
939 4271 982 4329 sui
1005 4272 1042 4329 ad
1067 4282 1209 4344 mortem,
1232 4286 1312 4344 cepe·

736 4351 805 4400 runt
823 4359 954 4416 quaerere
979 4345 1055 4404 inter
1078 4361 1123 4421 se,
1142 4346 1209 4419 quis
1227 4354 1312 4405 eonint
