2842 4920
230 346 272 398 DE
300 344 389 399 REGE
415 343 470 408 QUI
496 342 620 398 VOLUIT
649 344 721 400 MT.
749 344 878 399 rotant
906 347 970 399 CUM
996 348 1098 400 sulti.
1128 348 1215 402 suls
1310 351 1336 407 ot

144 478 240 528 nsum,
251 464 280 518 et
294 475 353 518 una
365 459 438 516 hora
449 458 587 529 temporis
601 463 696 532 potest

126 550 194 593 omo
217 531 328 590 absotvi
352 548 371 589 a
394 530 500 596 debito,
518 537 547 588 et
574 547 695 603 regnum

104 607 245 664 coeiorum
255 603 369 660 lucrari.
380 605 419 661 Dc
428 603 553 659 secundo
562 610 605 659 est
614 619 695 675 paru-

104 679 174 736 bola
183 677 219 733 de
228 674 362 744 talentis3
374 676 472 731 ethaeo
481 676 568 731 etiam
580 690 697 744 comou-

103 755 177 806 tatro
195 747 317 804 multum
337 757 381 804 est
398 746 536 814 timenda,
552 762 615 802 cum
634 748 696 803 Do-

104 820 201 877 minus
215 819 291 874 dieat
305 817 409 874 ibidem
425 834 433 873 t
448 819 485 874 Ει
496 818 623 873 inutilem
638 833 695 874 ser·

102 909 169 948 uum
179 891 346 962 projicitein
354 890 695 946 tenebrrseaterioresdio

103 963 204 1027 tertio,
216 960 391 1034 computatio
411 958 498 1017 etiam
515 960 638 1017 multum
651 966 696 1018 est

101 1031 694 1104 timenda,cumDominuspositurussitra·

104 1105 214 1162 tionem
231 1103 317 1161 etiam
329 1103 365 1160 de
376 1103 592 1173 cogitationibus
601 1109 627 1160 et
636 1120 694 1161 ver·

104 1176 694 1248 bisotiosisdiequartoestparaboiaprae·

104 1265 176 1305 sens
195 1248 229 1305 de
245 1249 322 1318 Rege
337 1256 459 1317 ponente
475 1246 616 1303 rationem
629 1263 693 1304 cum

106 1322 201 1376 serris
209 1323 275 1387 suis3
285 1325 312 1375 et
323 1319 385 1375 haec
392 1317 563 1391 computatio
574 1318 693 1375 muitum

111 1393 239 1448 timenda
249 1398 303 1459 est,
318 1400 436 1462 propter
448 1389 547 1446 vitium
568 1389 693 1460 iugrati-

105 1463 224 1530 tudinis,
244 1462 319 1533 quod
335 1469 380 1518 est
393 1461 473 1518 vaide
491 1460 690 1531 periculosum.

143 1555 156 1590 a
181 1536 327 1590 Piranum
345 1551 379 1588 ua
401 1549 472 1588 nana
494 1549 617 1588 votanra
642 1550 691 1589 na·

99 1623 205 1661 munau
230 1622 335 1661 rosana
361 1622 412 1661 ειιιι
439 1621 532 1660 sanvrs
560 1621 630 1660 suis.
656 1636 690 1646 -

100 1681 150 1747 at,
163 1695 223 1734 cum
239 1681 363 1750 cepisset
383 1679 518 1732 rationem
535 1691 645 1746 ροηενε,
661 1675 690 1732 id

99 1756 146 1804 est
158 1749 260 1806 merita
272 1756 298 1805 ει
309 1747 502 1805 ¹conscientias
514 1746 688 1817 examinare,

100 1822 132 1876 iu
152 1837 211 1892 qua
235 1819 444 1877 examinatione
468 1819 553 1875 modo
579 1834 688 1892 sumus,

100 1893 154 1948 sed
167 1892 348 1962 postmodum
359 1891 475 1948 dabitur
486 1891 522 1948 de
536 1889 617 1948 nobis
627 1906 690 1947 sen·

100 1968 205 2032 centra,
221 1964 377 2020 secundum
392 1962 509 2019 merita:
521 1962 636 2018 Oblatas
649 1968 690 2018 est

99 2039 128 2090 ei
145 2051 227 2098 unus,
241 2038 291 2106 qni
305 2034 418 2089 debebat
433 2034 523 2089 decem
537 2034 628 2088 miliia
643 2039 688 2089 to·

98 2107 188 2169 iente,
209 2105 238 2162 id
266 2111 306 2162 est
326 2105 468 2176 obligatus
490 2104 526 2160 ad
554 2120 688 2175 magnam

98 2193 229 2248 pteram,
249 2182 365 2250 oropur
389 2176 476 2232 multa
504 2182 630 2246 oeci-ata.
657 2179 688 2231 ln

98 2248 200 2305 debito
224 2248 305 2305 istius
331 2249 486 2304 denotatur
509 2252 633 2320 gravitas
660 2255 688 2303 et

97 2325 296 2376 numerositas
305 2323 500 2392 peccatorum
512 2325 540 2374 ει
549 2317 688 2391 accipitur

97 2390 512 2462 determinatusnumeruspro
522 2389 689 2446 indetermi-

96 2467 180 2518 nato.
196 2463 276 2520 Unde
295 2464 469 2531 Augustinus
485 2480 494 2518 ε
510 2482 524 2514 d
540 2461 612 2529 Quia
632 2464 687 2517 Lex

97 2531 129 2589 in
156 2534 256 2591 decem
283 2533 433 2606 praeceptis
459 2535 685 2601 commendatur,

95 2603 148 2660 iiie
158 2605 281 2661 debebat
293 2605 391 2661 decem
403 2603 492 2660 miilia
502 2603 685 2673 talentorum,

94 2690 152 2748 per
160 2676 237 2747 quod
251 2676 349 2733 omnia
362 2681 478 2746 peccata
490 2674 685 2748 designantur,

95 2762 164 2876 aeae
181 2747 289 2804 scilicet
311 2753 411 2804 contra
437 2749 541 2817 Legem
565 2748 649 2804 tiunt.
670 2768 684 2798 »

140 2834 167 2873 m
177 2824 268 2875 autem
276 2819 540 2886 nonhaberetmnde
549 2819 685 2889 redderet,

94 2888 195 2958 idest,
212 2906 276 2947 cum
298 2906 356 2947 non
378 2895 474 2962 posset
497 2888 605 2947 viribus
627 2890 687 2948 suis

95 2963 158 3017 Deo
180 2960 346 3019 satisfacere
367 2976 419 3032 pro
438 2959 583 3035 peccatis3
600 2961 685 3018 homo

95 3030 176 3089 enim
198 3048 249 3104 per
272 3049 304 3090 sa
329 3038 422 3105 potest
448 3048 542 3101 ruere,
557 3032 607 3089 sed
627 3049 685 3090 non

93 3118 261 3176 resurgere,
274 3120 326 3176 per
339 3120 369 3161 se
384 3103 532 3161 offendere
546 3108 575 3160 et
587 3120 685 3176 pecca·

93 3190 140 3242 re,
156 3189 189 3230 ac
207 3191 260 3248 per
282 3177 337 3232 hoc
359 3175 486 3232 debitum
501 3176 682 3246 contrahere,

93 3245 147 3302 sed
159 3261 216 3302 non
228 3262 280 3318 per
291 3262 323 3304 se
337 3246 511 3315 satisfacere,
522 3246 577 3302 nisi
590 3246 684 3318 gratia

94 3316 149 3373 Dei
163 3318 330 3384 accedente;
350 3323 378 3374 ει
399 3317 422 3374 si
445 3318 531 3373 homo
551 3333 602 3390 pro
625 3334 683 3374 uno

93 3392 214 3448 tantum,
230 3394 345 3461 peccato
369 3405 425 3445 nou
444 3387 550 3445 suisscit
569 3387 682 3445 satista-

93 3459 434 3543 cere,mu1tomiuuspro
444 3460 544 3517 decem
557 3459 682 3517 millibus

91 3536 278 3603 peccatorum
290 3531 406 3589 talentis
422 3532 527 3601 :jussit
539 3546 608 3612 ergo
621 3547 682 3587 eum

90 3604 293 3673 Dominusejus
300 3601 510 3672 uenumdori,in
518 3608 682 3659 servitutem

90 3688 205 3746 poenae,
231 3673 313 3746 quia,
333 3676 490 3731 secundum
515 3676 682 3743 Remmium,

89 3748 219 3816 pretium
232 3745 317 3817 hujus
329 3744 447 3812 venditi,
458 3744 629 3817 supplicium
639 3751 683 3802 εει

90 3815 275 3885 damnati;et
285 3833 399 3873 ncorcm
410 3817 479 3886 ejus,
487 3816 515 3872 id
525 3821 567 3872 est
578 3832 687 3872 consu*

91 3887 277 3958 piscendam,
289 3904 322 3945 ex
335 3904 391 3960 qua
405 3886 604 3958 concipiuntur
615 3886 682 3945 maii

91 3957 158 4024 tilii,
174 3965 199 4013 et
210 3961 283 4029 titios
298 3960 369 4029 ejus,
385 3959 412 4014 id
430 3964 474 4016 est
487 3959 563 4015 mala
577 3974 680 4031 opera;

91 4029 123 4084 io
141 4029 258 4088 homine
272 4031 348 4087 euim
364 4030 482 4102 spiritus
494 4037 538 4087 est
550 4030 602 4100 vir,
621 4046 683 4086 sen-

90 4100 210 4157 sualitas
227 4102 340 4172 mulier,
353 4118 405 4173 per
415 4118 535 4174 quorum
551 4102 684 4158 cornmin-

89 4169 201 4229 tionem
220 4173 282 4241 titii,
300 4173 329 4231 id
339 4179 382 4229 est
392 4189 479 4247 opera
488 4179 680 4245 generantum

90 4258 211 4301 uxorem
225 4260 295 4318 ergo
311 4250 340 4301 et
354 4244 429 4302 tilios
444 4243 622 4316 venumdari,
637 4251 682 4302 est

89 4329 145 4387 pro
171 4315 408 4389 concupiscentiis
435 4316 629 4387 interioribus,
651 4321 680 4374 ει

751 458 835 516 malis
857 458 994 533 operibus
1014 461 1203 522 exterioribus
1221 481 1336 539 poenam

751 531 872 600 solvere,
895 533 970 603 quod
992 544 1036 590 εει
1062 534 1185 607 pretium
1210 540 1288 610 ejns;
1311 545 1338 598 et

750 607 843 685 munio
854 620 916 685 qnae
931 606 1058 674 habebut,
1069 606 1177 664 scilicet
1191 615 1337 682 tempora·

750 674 799 742 lm,
812 692 880 746 quta
894 681 954 732 tota
967 678 1125 735 substantia
1138 695 1190 735 sua
1205 697 1255 752 pro
1275 699 1336 739 ma·

750 745 899 816 gnitudine
918 748 1012 804 delicti
1028 749 1150 806 traditur
1165 753 1336 824 quaudoque

751 818 911 888 extraneis3
935 823 990 882 vet,
1007 821 1105 877 omnia
1130 838 1193 894 quae
1218 824 1335 896 spiritus

751 889 846 958 habet,
863 894 930 947 sunt
944 890 1016 947 vires
1032 893 1135 949 animae
1151 901 1179 950 et
1194 896 1335 966 corporis,

751 964 779 1042 ει
793 960 879 1017 etiam
895 961 970 1018 hona
985 963 1137 1033 exteriora,
1153 981 1217 1038 qum
1238 967 1336 1026 omnia

750 1048 779 1087 m
807 1048 921 1103 poenam
951 1041 1174 1105 commutantur,
1195 1041 1225 1093 ut
1249 1055 1337 1111 poeua

751 1104 913 1183 dominetur
929 1104 991 1177 ipsi,
1001 1108 1184 1177 quantumad
1195 1113 1292 1167 omuia
1305 1109 1335 1168 in

750 1175 855 1244 quibus
877 1176 1017 1243 peccavit:
1036 1179 1110 1234 unde
1129 1180 1282 1238 subditur:
1299 1185 1335 1239 at

749 1246 841 1312 reddi,
870 1252 938 1301 tunc
965 1246 1042 1304 enim
1071 1249 1198 1307 debitum
1226 1251 1335 1323 peccati

750 1316 890 1386 redditur,
907 1334 969 1374 cum
986 1334 1037 1390 pro
1055 1335 1089 1375 eo
1104 1336 1196 1392 poeoae
1212 1323 1335 1393 pretium

750 1388 913 1445 exsolvitur.
942 1391 1089 1446 Prooidcns
1121 1399 1211 1448 nutem
1241 1410 1336 1451 seruus

749 1461 806 1525 itte,
816 1458 844 1515 id
859 1464 902 1516 cst
916 1467 1058 1532 peccator,
1069 1478 1120 1534 per
1136 1462 1333 1532 poenitentiam

748 1534 777 1585 et
799 1530 988 1588 humilitatem
1012 1532 1067 1601 sui,
1086 1533 1133 1605 qui
1150 1533 1229 1606 prius
1251 1536 1334 1608 quasi

748 1601 851 1659 collum
865 1610 961 1660 contra
978 1606 1066 1660 Deum
1081 1612 1220 1676 erexerat,
1231 1608 1332 1666 obnixe

747 1675 845 1730 orabat
860 1691 930 1740 eum,
945 1677 1038 1733 dicens
1052 1695 1060 1732 ι
1076 1680 1243 1735 Patientiam
1262 1681 1332 1736 iube

747 1747 776 1827 in
786 1762 838 1814 me,
849 1745 982 1803 donando
994 1747 1062 1804 mitri
1075 1748 1140 1805 vitae
1151 1756 1179 1806 et
1184 1754 1333 1876 (foeniten-

746 1821 793 1872 trae
817 1817 950 1889 spatium,
974 1820 1162 1877 condonando
1204 1822 1331 1893 eiictum,

746 1888 899 1945 relaxando
913 1890 1099 1961 supplicium
1116 1898 1141 1947 ct
1160 1896 1252 1948 omnio
1266 1896 1329 1950 rod-

745 1960 809 2015 dom
821 1960 881 2016 tibi.
892 1976 980 2032 opera
993 1962 1140 2019 meritoria
1152 1962 1291 2031 iaciendo,
1301 1969 1330 2022 et

745 2046 791 2086 me
805 2031 994 2097 emendando,
1010 2041 1060 2089 tua
1074 2033 1212 2104 patientia
1230 2051 1330 2108 exspe-

744 2106 847 2170 ctatus,
863 2109 912 2158 tua
923 2102 1015 2173 gratia
1031 2110 1199 2174 praeventus,
1217 2110 1329 2178 tuaque

744 2173 939 2230 msericordias
952 2175 1079 2251 ⁴adiutus.
1090 2178 1220 2233 Miserius
1239 2184 1330 2234 uatem

743 2247 886 2312 Dominus,
899 2244 966 2316 quia
978 2249 1131 2303 misericors
1147 2253 1173 2304 et
1185 2252 1330 2307 miserator

744 2319 885 2374 Dominus.
898 2324 1014 2388 paratus
1026 2324 1068 2374 en
1081 2321 1208 2376 misereri
1224 2327 1252 2378 et
1268 2337 1330 2391 nar·

743 2403 807 2444 cere
826 2404 892 2444 vere
917 2389 1131 2460 paenitentibus,
1147 2394 1221 2448 serui
1238 2395 1328 2462 itlius,

742 2458 782 2515 sio
795 2459 969 2531 procidentis
986 2459 1016 2516 in
1031 2461 1212 2531 contritione,
1228 2462 1268 2519 sic
1283 2463 1327 2519 di·

743 2531 833 2586 cautis
844 2530 874 2586 in
887 2532 1074 2600 consessione,
1086 2533 1125 2588 sic
1138 2533 1328 2605 promittentis

743 2601 778 2658 de
792 2601 999 2672 satisfactione3
1014 2605 1122 2660 dimisit
1135 2622 1194 2661 enm
1207 2604 1327 2662 liberum

741 2672 930 2746 acaptivitate
939 2675 1039 2747 culpae,
1048 2681 1073 2731 et
1084 2677 1206 2733 debitum
1218 2677 1327 2733 dimisit

742 2748 778 2813 ei,
792 2745 946 2801 relaxando
959 2757 1069 2803 reatum
1085 2762 1176 2818 ριειιιε
1192 2753 1325 2817 aeteroae3

742 2816 860 2872 dimittit
880 2820 982 2885 totum,
999 2817 1066 2941 (ima
1085 2818 1149 2888 pius
1170 2819 1219 2874 dat
1242 2834 1328 2889 quam

743 2893 868 2959 rogetur.
885 2886 965 2943 Unde
984 2890 1004 2944 C
1023 2895 1190 2956 moostomus
1204 2908 1212 2944 :
1228 2908 1242 2940 n
1258 2888 1327 2945 Vide

742 2957 970 3039 misericordiam
988 2957 1038 3014 Dei
1052 2976 1059 3025 ;
1074 2961 1198 3038 petierat
1213 2958 1327 3016 dilatio·

741 3045 818 3097 nem,
834 3034 862 3084 et
876 3032 985 3100 accepit
1002 3043 1132 3085 omnium
1146 3036 1326 3101 peccatorum

741 3100 947 3157 remissionem.
966 3120 980 3154 u

777 3173 977 3230 icanoensis
997 3189 1074 3228 sanni
1091 3181 1243 3229 conoonarr
1258 3190 1328 3232 anon

740 3260 907 3300 conservus.
918 3248 1092 3312 —Eurcssus
1101 3251 1192 3301 autem
1204 3245 1238 3301 de
1252 3245 1324 3302 obii·

739 3315 853 3388 gatione
873 3317 982 3442 receati
1001 3331 1095 3372 serum
1119 3318 1208 3385 itte,a
1229 3316 1325 3374 debito

739 3387 854 3458 quidem
886 3387 957 3455 rber,
971 3391 1020 3442 sed
1038 3387 1196 3459 iniquitatis
1215 3404 1325 3458 servus,

739 3465 767 3514 ει
780 3457 980 3515 misericordia
993 3461 1115 3515 inventa
1127 3459 1244 3527 oblitus,
1254 3463 1327 3516 inoe-

738 3533 781 3586 nit
794 3547 879 3586 unum
896 3530 930 3584 de
946 3533 1084 3586 conservis
1098 3533 1168 3599 suis,
1187 3530 1217 3586 id
1233 3536 1275 3587 est
1289 3532 1324 3589 de

737 3602 935 3673 peccatoribus
954 3605 984 3658 et
1002 3600 1175 3671 hominibus,
1192 3600 1240 3674 qui
1260 3605 1326 3659 sunt

738 3671 812 3729 servi
829 3673 879 3728 Dei
891 3688 954 3728 cum
970 3675 1042 3744 ipso,
1056 3688 1155 3730 omnes
1169 3673 1246 3730 euim
1261 3689 1326 3730 con·

739 3743 825 3812 servi,
842 3742 969 3801 etunius
986 3743 1097 3801 Domini
1121 3744 1194 3802 servi
1215 3760 1324 3814 sumus,

739 3820 826 3872 einos
838 3814 991 3886 etdnge1i;
1004 3816 1208 3886 quidcbebotei
1219 3821 1326 3872 centum

739 3888 877 3955 denarios,
893 3887 919 3942 id
937 3893 979 3943 cst
998 3903 1097 3958 parum
1113 3887 1231 3943 offendit
1246 3902 1323 3955 eum,

739 3965 768 4014 et
781 3957 809 4014 in
826 3958 937 4014 modico
951 3964 1065 4016 tenetur
1077 3960 1242 4029 respective.
1257 3956 1326 4028 quia

739 4030 894 4086 offensam
915 4028 1060 4085 homiuem
1084 4029 1196 4084 modica
1217 4033 1261 4083 est
1277 4043 1325 4084 re·

738 4108 837 4173 spectu
855 4102 970 4157 offensae
990 4097 1148 4155 commissa
1170 4099 1199 4154 io
1223 4100 1320 4156 Deum.

737 4173 848 4229 Invenit
862 4178 956 4228 autem
973 4172 1001 4226 iu
1015 4169 1109 4225 animo
1124 4184 1175 4239 per
1189 4171 1324 4227 recorda·

737 4248 845 4301 tionem
862 4241 984 4314 injuria,
1004 4246 1031 4296 et
1055 4246 1146 4296 tenens
1168 4242 1325 4314 suffocabat

737 4333 807 4384 etim,
834 4313 1000 4385 stringendo
1026 4315 1054 4368 et
1078 4315 1227 4385 arctando,
1254 4315 1322 4390 quia
