2820 4928
148 400 179 453 at
531 388 687 443 SECUNDAE
714 387 837 443 rantis
863 387 969 441 elcut
999 388 1016 438 ll

147 500 327 569 honorando,
345 502 374 555 et
387 494 527 567 obsequia
544 493 670 552 caritatis
689 494 731 553 eis

147 570 316 640 exhibendo,
330 568 427 626 dicens
443 585 450 624 :
466 571 501 624 Et
520 571 570 638 qni
583 572 732 640 susceperit

145 661 231 701 unum
263 643 391 698 ortulum
402 640 494 709 talem,
507 638 642 696 humilem
656 638 731 696 scill-

146 720 191 773 cet
202 721 230 772 et
240 713 354 771 hdclem
370 727 441 769 meos
455 710 626 767 innocentie
637 711 731 768 imita-

145 793 248 856 torem,
264 788 294 842 in
309 787 418 842 uomina
431 799 499 853 meo,
516 782 600 840 idest
611 788 732 865 propter

144 874 273 916 amorem
290 872 385 914 meum
400 861 428 913 et
442 870 557 924 nomen,
571 870 638 936 quta
654 857 732 912 Chri·

143 928 351 998 stianusest‚et
361 945 424 986 mco
435 925 550 983 nomine
560 925 730 998 insignitum

144 1000 200 1072 vel,
219 999 256 1058 ad
283 999 341 1058 mel
367 997 492 1057 nominis
520 996 732 1055 invocationem

142 1073 237 1147 ipsum
261 1074 298 1130 ad
325 1069 480 1144 hospitium
505 1068 682 1144 recipiendo,
702 1074 731 1127 et

143 1143 306 1203 necessaria
321 1145 348 1201 ei
360 1141 563 1211 ministrando,
573 1149 602 1200 et
611 1158 663 1214 per
676 1142 731 1199 hoc

143 1213 731 1289 intelligunturomniaaliabencllciaquse

141 1293 259 1363 propter
268 1291 358 1347 Deum
367 1287 407 1346 im
428 1287 574 1345 enduntur
585 1284 729 1357 proximor

141 1377 183 1418 me
199 1364 317 1434 suscipit
336 1360 385 1418 inb
426 1359 545 1417 itantem
572 1357 604 1414 in
623 1356 683 1426 illo,
704 1362 731 1414 et

143 1449 202 1489 non
217 1449 264 1490 me
276 1431 467 1498 solummodo,
482 1430 532 1487 sed
545 1431 645 1500 recipit
659 1445 730 1499 eum,

144 1506 194 1575 qui
207 1520 249 1560 me
260 1505 348 1572 misit,
363 1501 470 1559 scilicet
482 1503 597 1557 Patrem
610 1515 705 1558 meum
722 1517 729 1557 :

163 1577 211 1630 uio
228 1577 320 1644 epeia
335 1577 417 1630 Putre
433 1578 459 1629 et
477 1574 560 1629 Peter
575 1575 607 1628 iu
617 1589 663 1628 me
679 1578 728 1629 est.

142 1592 215 1703 {lam
230 1648 306 1701 Deus
321 1646 357 1701 ab
372 1661 406 1701 eo
424 1659 489 1701 vera
503 1642 666 1714 suscipitur,
682 1643 730 1715 qui

143 1718 169 1774 ei
180 1716 384 1773 cinniormatur.
400 1715 479 1772 Unde
491 1718 532 1771 ait
544 1716 708 1771 Ambrosius
720 1739 728 1774 s

143 1810 158 1841 u
171 1787 223 1857 Qui
234 1785 492 1845 euimimitatorcm
502 1787 607 1844 Christi
618 1787 729 1860 recipit,

142 1859 286 1918 Christum
311 1858 431 1931 recipit;
457 1865 485 1915 et
504 1860 553 1931 qui
576 1858 729 1931 imaginem

142 1931 194 1989 lici
221 1929 331 2004 recipit,
357 1932 447 1988 licum
472 1930 602 2004 recipit:
630 1951 644 1984 n
668 1933 730 1989 liare

142 2001 319 2061 Ambrosius.
335 2002 397 2075 Qui,
408 2002 536 2075 inquam,
546 2003 632 2060 talem
643 2007 730 2061 susci-

142 2075 185 2149 pit
198 2078 304 2133 allectu
326 2075 363 2131 ad
385 2075 626 2146 compatiendum,
641 2075 730 2133 allatu

143 2149 180 2205 ad
194 2147 411 2214 consolandum,
424 2148 527 2203 ellectu
547 2148 583 2204 ad
602 2147 727 2204 servien-

144 2218 223 2285 dum,
239 2217 377 2287 patientia
397 2218 434 2274 ad
456 2218 663 2286 sullerendum,
684 2234 729 2274 me

142 2290 270 2417 suscipit.
294 2291 395 2360 lllagno
418 2306 486 2361 ergo
511 2291 620 2346 honore
643 2291 730 2346 susci·

142 2360 207 2434 pien
231 2361 238 2417 i
253 2368 319 2417 sunt
331 2375 472 2434 pauperes
488 2366 573 2432 atque
587 2360 729 2433 humiles,

142 2432 285 2505 siquidem
310 2431 340 2488 in
368 2432 436 2503 ipsis
463 2435 539 2490 Deus
565 2432 727 2505 suscipitur.

143 2505 222 2562 Unde
244 2505 411 2586 Theophilus
432 2523 474 2559 :c
499 2504 568 2562 Vide
587 2511 728 2577 quantum

142 2576 218 2633 valet
241 2574 405 2644 humilitas;
433 2574 526 2633 PatrIs
552 2592 676 2647 namquo
699 2584 728 2635 et

142 2646 204 2704 Filii
216 2646 452 2704 inhabitationem
461 2652 597 2716 meretur,
605 2648 727 2706 etotiam

142 2716 266 2791 Spiritus
279 2717 386 2776 Sancti.
402 2738 416 2772 a
433 2717 518 2787 Quasi
533 2719 610 2776 dicat
629 2721 727 2779 Domi-

140 2806 205 2861 nus,
225 2791 382 2848 secnndum
404 2790 648 2861 chrysostomum:
664 2795 727 2849 Νοιι

139 2862 242 2928 solum.
255 2860 281 2920 si
293 2861 364 2919 tales
373 2861 548 2934 efficiamini,
564 2865 727 2922 mercedem

138 2950 274 3008 magnam
296 2934 450 3007 accipietis,
472 2936 523 2994 sed
547 2939 576 2993 et
601 2936 625 2993 si
653 2937 726 2995 alios

138 3006 211 3065 tales
224 3013 341 3081 propter
360 3023 406 3063 me
427 3006 653 3077 honoraveritis3
670 3008 726 3066 ista

137 3077 209 3135 mihi
217 3077 363 3136 humilitas
373 3084 400 3135 et
410 3076 578 3152 simplicitas
587 3081 669 3137 valde
682 3085 726 3139 est

138 3148 325 3206 honorabilis.
341 3150 400 3214 Vel,
415 3151 572 3206 secundum
588 3153 725 3222 Hieronp-

138 3236 225 3285 mum,
238 3236 274 3276 ne
288 3235 353 3275 cum
366 3218 493 3277 delatum
509 3221 593 3277 luerit
608 3225 725 3294 aposto·

139 3289 184 3359 lis,
200 3307 231 3349 se
247 3294 348 3362 putent
361 3291 527 3362 honoratos,
546 3292 653 3364 adjecit
665 3311 724 3353 non

138 3359 203 3418 illos
221 3362 265 3418 sul
280 3361 392 3430 merito,
409 3362 458 3419 scd
474 3363 600 3437 Magistri
615 3367 724 3424 honore

138 3432 349 3507 suscipiendos;
375 3433 443 3505 quia
469 3435 654 3508 principalius
680 3438 721 3495 illi

137 3506 181 3576 lit,
196 3508 278 3577 cujus
293 3504 385 3577 gratia
400 3507 551 3565 ethonore
571 3508 614 3564 lit.

175 3601 203 3634 ιι
218 3581 353 3641 Nuuouaa
368 3595 553 3637 raonruannus
566 3597 720 3646 oorcmmua

136 3667 204 3706 orus
219 3667 310 3707 norun
326 3654 558 3709 operarum-Et
569 3653 635 3724 quia
645 3653 720 3711 diae·

133 3727 178 3778 rat
187 3721 321 3778 Dominus
331 3739 338 3777 ι
349 3724 719 3798 Quisureeperitunumpar·

129 3795 225 3849 cutum
245 3796 328 3850 lolem
345 3797 376 3850 iu
394 3799 502 3852 nomine
520 3813 588 3866 meo,
600 3814 642 3853 me
660 3814 719 3855 sus·

130 3868 209 3937 cipit,
217 3865 382 3937 significans
392 3869 468 3938 quod
482 3868 603 3925 humiles
613 3877 641 3925 et
651 3871 718 3927 sim·

130 3937 398 4068 plieessusoipicndl
412 3945 518 4021 essent,
529 3940 717 4024 intellexitlo-

130 4024 222 4067 annes
235 4026 291 4083 quo
333 4027 382 4067 eos
396 4025 454 4067 non
472 4028 502 4067 ιιι
523 4027 638 4068 nomine
653 4029 715 4084 eius

131 4081 281 4155 recipiant,
289 4081 337 4155 qui
354 4099 412 4140 non
426 4080 535 4139 sincere
550 4083 711 4153 ambulant;

131 4155 208 4210 unde
233 4154 303 4211 dixit
330 4154 391 4212 illi:
419 4156 564 4224 docteres,
591 4157 713 4213 uidimus

132 4227 277 4295 quemdem
291 4229 322 4283 in
335 4229 444 4284 uomina
460 4233 516 4291 tuo,
531 4225 561 4283 id
575 4233 619 4283 est
632 4227 713 4284 inro-

786 494 847 550 hacc
869 491 1035 550 innomine
1058 497 1106 549 tno
1127 501 1238 565 ageret,
1269 502 1381 566 quiete

785 583 840 622 nou
854 569 989 636 sequitur,
1010 565 1038 621 id
1059 574 1177 622 estnon
1198 567 1333 638 sequitur
1352 575 1379 627 te

786 636 936 694 nobiscum
948 654 1000 693 scu
1008 636 1080 693 siout
1091 655 1152 706 nos,
1163 638 1273 696 scilicet
1284 648 1378 698 urente

786 718 815 768 et
829 725 958 781 corpore,
972 715 1000 765 et
1011 726 1069 766 non
1081 711 1252 780 obsequitur
1263 710 1296 767 in
1311 713 1377 782 vila,

787 798 840 839 nec
859 780 994 852 relinquit
1013 781 1118 838 omnia.
1134 782 1220 849 Quasi
1241 782 1377 841 diceret:

787 856 837 910 llic
852 852 882 910 iu
899 852 1015 910 noritino
1030 858 1079 910 tuo
1093 855 1181 926 recipi
1201 872 1262 911 non
1278 856 1376 914 debet.

785 929 863 982 iesus
882 931 972 981 cutem
986 927 1128 1007 respondit
1144 946 1152 982 ε
1170 928 1262 985 Nolite
1284 931 1378 998 prohi-

788 999 848 1054 bere
861 1014 936 1054 eum.
950 999 1035 1065 Quasi
1048 996 1157 1055 diceret
1169 1015 1176 1054 a
1189 1000 1251 1055 Non
1266 999 1378 1058 debetis

786 1071 873 1139 bona,
889 1069 933 1125 vel
948 1069 1030 1141 signa
1042 1069 1193 1127 iacientem
1208 1071 1376 1145 prohibero,

786 1139 854 1213 quia
876 1157 988 1198 mecum
1006 1146 1059 1198 est.
1074 1145 1158 1199 Nemo
1182 1149 1223 1197 est
1238 1146 1314 1199 enim
1330 1146 1378 1214 qui

785 1216 1376 1286 sociotoirtutemiuuomiuemeo,etpossit

787 1289 851 1356 cito,
867 1286 902 1342 de
918 1283 994 1341 sacili
1011 1286 1084 1340 mole
1102 1288 1180 1356 toqui
1198 1286 1233 1341 de
1249 1302 1305 1355 me,
1319 1287 1376 1345 eri·

786 1363 865 1414 siens
879 1357 1009 1429 ingratus
1023 1356 1093 1413 mihi
1113 1359 1147 1415 de
1163 1356 1250 1414 tantis
1266 1358 1374 1415 heneti·

787 1428 847 1486 ciis.
863 1429 917 1497 Qui
930 1432 1003 1485 enim
1021 1446 1075 1485 uon
1090 1435 1129 1484 cst
1146 1431 1297 1486 aduersum
1320 1447 1374 1498 uos,

785 1516 903 1574 prorsus
927 1506 956 1557 et
980 1500 1142 1569 manileste‚
1162 1519 1215 1573 pro
1234 1503 1315 1557 cobis
1338 1510 1374 1559 est

786 1572 997 1645 quodammodo
1014 1580 1042 1629 et
1057 1589 1089 1629 ex
1104 1582 1185 1646 parte
1199 1591 1208 1645 3
1221 1572 1335 1630 seilicet
1348 1574 1375 1631 in

787 1650 925 1716 quantum
954 1645 1091 1701 adversus
1117 1661 1169 1701 nos
1190 1662 1249 1701 non
1276 1652 1332 1715 est,
1350 1652 1376 1702 et

787 1715 929 1773 contraria
943 1717 1080 1772 doctrinm
1095 1725 1198 1772 nostran
1212 1733 1270 1773 non
1282 1718 1374 1786 docet,

786 1787 915 1870 quamtis
925 1793 1021 1845 lamen
1031 1804 1064 1844 cx
1078 1789 1158 1844 nobis
1173 1804 1232 1845 uou
1246 1789 1295 1844 sit.
1306 1791 1373 1846 Nam

786 1861 850 1916 licet
858 1859 940 1931 signa
950 1859 1086 1916 iacientes
1097 1861 1272 1931 quandoque
1285 1860 1374 1934 despi-

786 1932 907 2000 ciantur,
924 1934 999 1989 Deus
1013 1938 1120 2001 minen,
1136 1933 1216 2003 cujus
1230 1933 1372 1989 invocatio

784 2004 1371 2071 lraeclacit,hoooratur.Secundum‘theo

781 2078 903 2148 phitom,
919 2075 1046 2157 discipuli
1070 2075 1281 2146 prohibuerunt
1298 2092 1369 2147 eum,

785 2165 842 2205 nou
858 2147 973 2218 quidem
987 2147 1156 2216 inridentes,
1169 2147 1219 2203 sed
1233 2148 1372 2220 operatio·

784 2236 852 2276 nem
866 2219 1068 2275 miraculorum
1089 2218 1302 2290 diiudicantes3
1319 2235 1370 2276 oon

784 2291 1369 2363 euimcumcismiraculorumpotestatem

784 2369 943 2434 acceperat,
960 2379 1052 2435 neque
1065 2362 1141 2419 euim
1153 2363 1296 2420 llomiuus
1307 2378 1367 2421 eum

784 2435 900 2491 miserat
923 2433 996 2490 sicut
1019 2435 1093 2501 illos,
1110 2450 1203 2505 nequo
1220 2438 1321 2492 Jesum
1343 2435 1369 2491 in

783 2505 918 2563 omnihus
947 2506 1129 2577 sequebatur.
1149 2506 1214 2569 Sed,
1246 2513 1278 2563 ut
1305 2507 1369 2563 dicit

784 2579 906 2648 cyrillus
918 2595 924 2634 :
938 2598 953 2630 c
966 2578 1122 2648 Oportebat
1133 2576 1226 2647 magis
1238 2594 1369 2650 pensare,

783 2666 841 2707 non
865 2650 940 2706 bunc
963 2648 1058 2721 ipsum
1082 2665 1143 2706 esse
1165 2648 1369 2719 miraculorum

782 2725 945 2788 auctorem;
962 2722 1012 2777 sed
1025 2721 1147 2792 gratiam
1158 2728 1275 2791 quaeest
1285 2722 1315 2778 in
1325 2738 1368 2792 eo,

783 2792 874 2865 quiin
890 2793 993 2849 uirtute
1010 2792 1113 2849 Christi
1129 2790 1269 2849 miracula
1284 2794 1370 2866 perli-

781 2866 830 2921 cit.
847 2864 942 2922 ltlultm
961 2871 1028 2921 sunt
1045 2864 1213 2921 differentiae
1228 2864 1369 2922 donorum

781 2935 901 3007 Christi;
916 2935 977 3004 scd,
989 2935 1056 3008 quia
1068 2935 1226 2993 tradiderat
1240 2938 1369 2994 Salvator

780 3012 952 3080 potestatem
970 3007 1113 3080 Apostolis
1131 3012 1162 3065 ut
1180 3007 1302 3080 spiritus
1316 3009 1368 3065 im·

781 3081 903 3138 mundos
928 3079 1074 3152 ejicerent,
1099 3085 1275 3208 putaverunt
1299 3078 1368 3137 nulli

780 3152 912 3221 aliorum,
928 3152 979 3208 sed
993 3151 1046 3208 sibi
1066 3169 1097 3208 so
1110 3152 1134 3208 is
1149 3150 1237 3208 licere
1252 3168 1367 3208 conces·

778 3239 840 3280 sam
853 3240 953 3295 gerere
965 3223 1136 3295 dignitatem
1148 3241 1155 3292 ;
1169 3229 1199 3280 et
1212 3222 1278 3280 idco
1292 3240 1368 3280 acce·

780 3296 851 3351 dunt
865 3294 1039 3364 siscitantcs,
1052 3297 1075 3351 si
1092 3295 1176 3352 liccat
1192 3301 1221 3352 et
1234 3295 1300 3353 aliis
1314 3297 1368 3352 boc

779 3382 864 3433 apere
884 3386 894 3423 ε
918 3388 933 3418 »
958 3369 1019 3424 liceo
1047 3370 1177 3438 certitas.
1199 3366 1256 3424 Sed
1282 3367 1369 3424 soluit

778 3438 915 3496 Dominus
926 3438 1006 3496 illum
1020 3439 1066 3511 qui
1079 3456 1109 3495 se
1122 3455 1179 3496 non
1193 3440 1367 3509 sequebatur

776 3513 813 3566 ab
829 3510 997 3582 operatione
1013 3510 1217 3568 miraculorum
1230 3527 1291 3567 non
1304 3527 1370 3584 pro·

776 3581 882 3651 hiberi,
899 3588 928 3639 ut
947 3583 1102 3655 discipulos
1122 3589 1252 3639 servaret
1271 3582 1301 3639 iu
1321 3583 1369 3639 hu·

775 3654 907 3724 militate,
925 3671 960 3711 ne
980 3655 1184 3726 gloriarentur,
1208 3670 1245 3710 ne
1269 3670 1368 3725 super-

774 3725 880 3782 biondo
910 3728 1072 3797 gauderent
1104 3727 1135 3783 iu
1164 3724 1368 3783 miraculorum

773 3797 951 3866 operatione,
969 3815 1020 3856 nce
1041 3815 1101 3855 sum
1123 3797 1217 3855 virtuti
1240 3802 1366 3855 ascribe·

771 3876 845 3936 rant,
863 3870 913 3927 sed
928 3870 1043 3939 Christi,
1059 3870 1129 3926 duan
1146 3869 1277 3925 viderent
1300 3884 1365 3926 eum

770 3941 820 4069 pul
836 3941 980 3999 Christum
995 3959 1052 3999 non
1067 3943 1242 4013 sequebatur
1257 3941 1361 4013 eiicere

790 4013 930 4083 aemonia;
946 4021 978 4070 ut
990 4030 1062 4087 quos
1072 4013 1224 4070 humiliare
1239 4019 1360 4069 conatus

768 4087 947 4167 estexcmplo
960 4087 1052 4159 pueri,
1064 4087 1209 4142 eosetiam
1222 4085 1356 4141 humiliet

768 4159 895 4229 exemplo
905 4157 992 4226 illius,
1010 4158 1058 4230 qui
1073 4157 1219 4215 Christum
1239 4173 1297 4214 non
1312 4173 1356 4213 se·

767 4232 917 4301 quebotur.
930 4230 1100 4301 thnamris
1110 4245 1168 4286 non
1179 4235 1256 4285 esset
1266 4235 1354 4286 tautae

132 4296 244 4356 catione
256 4298 380 4356 nominis
391 4300 443 4370 tui,
453 4299 606 4372 ejicientem
616 4299 714 4357 &mo-
766 4301 959 4372 perfectiouis,
971 4307 1005 4359 ut
1017 4302 1049 4359 in
1061 4303 1194 4359 omnibns
1208 4301 1354 4358 Christum

132 4369 193 4438 Μ
207 4373 234 4426 tl
250 4371 445 4445 rimbt'httt'mttt
465 4384 538 4444 tuta,
549 4387 588 4432 uo
604 4370 714 4432 scilicet
765 4377 933 4446 sequutum
940 4377 972 4432 nt
981 4371 1203 4448 Apostolisicut
1210 4371 1359 4432 necinodo
