2820 4928
131 391 181 447 280

130 499 280 567 surgentes
291 493 327 549 ab
338 491 389 559 eis,
399 487 588 546 sibidicentes
599 505 605 543 ε
618 488 718 558 Surge,

131 569 213 634 vade,
234 563 369 638 quomam
391 567 508 618 nonest
532 562 576 615 bie
598 558 648 616 tibi
675 575 719 614 re-

132 638 221 712 quies,
248 636 351 693 saliem
380 649 435 690 nou
463 638 506 689 est
528 631 577 688 illa
604 631 664 687 dies
690 633 720 687 ut

132 713 249 782 laqueus
274 715 302 766 et
325 705 499 773 discrimen,
526 703 576 760 sed
602 708 634 760 nt
659 701 718 757 dies

130 781 258 840 festivus.
275 801 289 831 ι
305 779 384 836 Unde
396 782 423 835 et
433 777 526 833 Beda:
541 775 589 832 «Ο
604 774 720 831 stultam

152 851 380 922 resumptionem
402 850 495 906 cerdis
514 847 640 913 immani,
656 862 719 918 quae

130 871 720 992 lamentabilemunemcupinitatia,ebrie-

131 997 209 1065 tatis,
220 1002 248 1053 et
259 996 391 1068 crapulae.
405 1010 456 1050 uee
467 992 529 1065 ipso
539 991 635 1063 judice
649 1007 719 1046 cen·

132 1076 268 1137 testante,
281 1068 445 1140 praevident,
462 1065 512 1121 sed
527 1065 652 1120 edictum
668 1064 720 1117 lle-

134 1143 178 1215 gis
201 1140 300 1199 aeterni
325 1140 355 1196 iu
383 1154 461 1195 more
488 1138 559 1192 ¹servi
588 1150 720 1207 nequam,

135 1209 720 1289 postquamdidicerit,spernntlnlltcerte,

134 1287 158 1344 si
175 1286 237 1358 quis
249 1286 329 1341 uobis¹
343 1284 449 1356 peritus
462 1298 495 1338 ae
508 1284 622 1353 sapiens
636 1277 722 1335 medi·

136 1375 186 1416 cus
201 1356 368 1430 praeriperet
385 1374 391 1412 :
411 1353 563 1421 Attendite,
582 1350 721 1423 inquiens,

136 1430 227 1495 vobis,
243 1447 278 1486 nc
294 1430 366 1500 quis,
381 1426 460 1482 verbi
480 1428 573 1496 gratia
591 1425 625 1480 de
648 1422 722 1478 illius

136 1503 233 1559 herbae
255 1517 339 1557 succo
360 1498 470 1553 avidius
487 1512 550 1552 sum
560 1504 592 1560 vt,
609 1492 721 1566 quodsi

136 1572 245 1638 lecerit,
262 1569 429 1640 repentinus
443 1568 468 1624 ei
486 1566 664 1639 superveniet
680 1565 723 1620 iu·

138 1646 249 1710 terituS,
268 1648 375 1713 quanto
396 1641 515 1712 quisque
536 1638 630 1694 studio
650 1653 724 1707 prae·

139 1713 280 1772 monentis
299 1710 401 1768 medici
429 1710 561 1766 mandata
586 1714 722 1779 servaret,

138 1803 175 1845 ne
184 1785 315 1842 videlieet
326 1783 440 1839 vetitum
450 1783 590 1854 gristando
602 1780 706 1854 periret
716 1799 723 1849 ;

138 1876 172 1917 ae
184 1875 258 1915 nune
273 1855 434 1914 animarum
445 1854 527 1911 simul
537 1861 564 1910 et
574 1869 725 1923 corporum

140 1934 279 2000 Salvator,
290 1946 323 1986 ae
338 1927 473 1984 Dominus
484 1928 566 1997 jubet
579 1925 725 1982 ebrietatis

139 2006 259 2063 herbam
272 2008 300 2058 et
312 2003 434 2071 crapulae
444 2000 598 2065 vitandam,
616 2014 725 2054 necnon

141 2083 169 2135 et
182 2091 316 2134 curarum
331 2074 499 2131 secularium
512 2070 724 2137 sollicitudines,

141 2154 173 2206 ut
191 2147 351 2205 mortiferos
373 2161 472 2201 sueres
492 2161 554 2201 esse
574 2142 725 2208 cavendos,

142 2226 171 2277 et
186 2218 283 2290 quanti
300 2223 396 2272 tannen
412 2224 539 2272 nostrum
555 2215 599 2270 liis
614 2231 668 2269 nrm
684 2231 727 2269 so-

142 2291 200 2347 lum
215 2290 347 2355 sauciari,
361 2290 410 2342 sed
426 2287 512 2343 etiam
525 2288 652 2342 conmuni
669 2302 726 2340 non

141 2361 263 2418 timent?
280 2360 361 2415 Nulla
381 2361 465 2414 eredo
484 2358 541 2414 alia
561 2373 656 2423 caiisa,
673 2356 726 2412 nisi

144 2431 211 2506 quia
226 2432 312 2488 fldem
328 2446 414 2501 qnam
428 2430 527 2485 medici
546 2431 673 2500 praebent
688 2428 727 2483 di·

144 2505 205 2573 ctis,
218 2507 275 2561 Deo
292 2505 418 2573 praebere
434 2500 674 2558 comtemnuut.Si
690 2507 728 2557 et·

144 2576 220 2635 enim
240 2575 442 2645 credidissent,
463 2576 605 2631 cred-ndo
631 2577 728 2644 utique

143 2649 286 2718 timerent,
310 2647 437 2704 timendo
462 2652 557 2704 autem
577 2645 728 2702 imminens

144 2722 303 2795 periculum
316 2727 457 2776 emerent.
468 2720 545 2775 Unde
559 2718 598 2774 ait
611 2721 727 2787 Gltrpse·

144 2800 270 2851 stomin:
291 2814 301 2843 ι
323 2792 350 2849 Si
367 2792 463 2848 dixere
479 2791 529 2849 tibi
547 2809 553 2846 :
570 2790 685 2847 Abstine
701 2794 728 2845 te

144 2865 294 2927 adeliciis.
311 2870 338 2920 et
357 2865 473 2936 jejuna,
492 2881 547 2919 non
563 2862 641 2930 lacis,
662 2861 728 2932 quia

145 2955 203 2995 nen
217 2937 319 2994 credis.
332 2936 360 2993 Si
371 2935 519 3010 egrotanti
536 2935 585 2992 tibi
602 2933 729 2991 modicus

145 3010 244 3066 dixerit
260 3028 266 3064 :
282 3011 396 3065 Abstine
412 3014 439 3065 te
454 3010 489 3064 ab
506 3009 580 3073 bee3
601 3005 729 3074 obaudis,

145 3082 211 3153 quia
220 3081 345 3139 erediste
353 3081 519 3137 salvandum
529 3079 551 3136 si
561 3076 728 3135 servaveris.

146 3156 180 3210 Et
194 3155 357 3226 frequenter
377 3154 445 3209 illud
463 3168 542 3208 arnas
557 3170 563 3204 ι
578 3151 634 3207 ned
650 3166 731 3205 man·

145 3226 250 3281 ducere
273 3223 388 3293 vetaris,
405 3231 432 3280 et
449 3224 537 3280 vincis
558 3169 731 3280 desiderium

149 3296 265 3359 ventris,
275 3305 391 3368 propter
402 3296 572 3352 desiderium
585 3293 729 3363 sanitatis;

146 3367 235 3423 multo
250 3370 340 3437 magis
350 3368 483 3448 jejunare
499 3374 621 3437 poteras,
633 3366 655 3422 si
671 3383 730 3422 cre-

147 3439 228 3493 deres
239 3439 446 3509 jucunditatem
462 3439 538 3495 illam
551 3442 674 3494 l'uturam
692 3457 698 3496 :
716 3458 730 3488 o

474 383 636 437 seculum
664 381 785 437 rtlttls
813 378 920 434 CAPUT
948 377 1037 432 xmv

775 484 980 552 meumutpilnb
992 481 1112 539 etomni
1122 489 1356 557 tempereoruate,

776 573 833 614 non
843 556 918 628 qnod
932 556 1026 611 oratio
1043 554 1084 611 sit
1097 571 1221 628 semper
1235 559 1358 626 continua,

775 628 843 701 quia
867 632 978 699 oportet
1005 642 1073 684 eam
1105 644 1187 700 saepe
1213 631 1359 701 interrumpi

775 699 1359 774 somno,etaliisnecessitatibuscorpmis,

775 774 824 830 sed
841 771 1016 829 continuitas
1034 771 1221 844 intelligitur
1237 777 1309 846 qvint
1322 793 1360 832 nnn

775 843 946 901 interveniat
964 844 1092 900 mortale
1114 854 1273 917 peccatum
1290 846 1362 917 irnpe-

776 916 856 974 diens
869 916 956 988 ipsius
969 916 1113 973 ellectum
1129 925 1159 973 et
1175 936 1254 986 opus
1267 921 1361 977 benun.

776 994 805 1045 et
818 989 880 1045 ideo
894 988 1025 1045 subditur
1040 1005 1046 1043 :
1069 991 1106 1046 Ut
1120 991 1209 1058 urent
1224 992 1362 1046 habeamini

776 1063 881 1129 (repere,
898 1060 927 1116 id
944 1066 988 1116 est
1009 1076 1118 1117 cavere
1140 1062 1312 1131 salubriter,
1326 1068 1363 1119 ida

778 1137 880 1202 emate,
901 1149 962 1204 quae
979 1134 1086 1198 fraterna
1107 1141 1190 1201 siant,
1209 1141 1237 1191 et
1256 1144 1323 1191 sture
1335 1153 1363 1192 se

779 1204 838 1261 curi
859 1205 887 1260 in
904 1203 1013 1273 jndicio
1028 1211 1100 1259 arcte
1120 1209 1233 1262 Filium
1258 1210 1361 1268 lreon'vir¹

780 1277 904 1333 sedentis
916 1275 1023 1332 sriliret
1035 1277 1076 1331 ad
1085 1277 1295 1348 J‘udicandnm,
1305 1280 1363 1335 idve

783 1365 879 1405 coram
892 1347 1004 1404 Christo
1016 1347 1043 1403 in
1060 1350 1160 1406 torma
1172 1352 1301 1407 hnmana
1310 1352 1364 1423 juli

782 1428 874 1487 cante,
890 1423 956 1490 quia
974 1418 1014 1474 illi
1035 1420 1088 1491 qui
1109 1429 1185 1477 tunc
1206 1423 1363 1480 invenientur

782 1493 843 1550 sine
854 1498 969 1565 peccato
982 1492 1114 1559 mortali,
1124 1500 1217 1550 erunt
1229 1495 1305 1552 salvi.
1316 1498 1361 1551 lle·

782 1570 825 1621 est
849 1570 944 1620 autem
970 1579 1088 1620 summa
1119 1566 1362 1630 beatitudiuem

782 1636 850 1693 dicit
866 1637 971 1704 Glossn,
989 1635 1102 1692 scilicet
1116 1636 1149 1693 in
1166 1639 1362 1711 praeseuliulu·

783 1708 853 1765 dicis
867 1724 1000 1765 securum
1015 1708 1195 1768 consistere.
1214 1711 1278 1767 ltali
1290 1719 1362 1767 auten

783 1781 885 1838 radent
909 1787 974 1836 ante
997 1796 1078 1848 eum,
1095 1781 1137 1838 ita
1159 1783 1240 1854 quod
1263 1783 1362 1855 amplius

785 1870 842 1909 non
866 1859 1025 1922 resurgent,
1052 1852 1125 1924 quia
1149 1860 1267 1926 pitanam
1286 1870 1362 1926 quan

785 1925 853 1981 libet
872 1924 988 1980 mallent
1006 1927 1170 1995 sustinere,
1186 1945 1272 2000 quam
1290 1929 1362 1995 ipsun

785 1997 890 2052 videre.
906 1995 956 2052 Ubi
967 1998 1152 2066 Aepustinus
1169 2019 1178 2054 x
1196 2022 1210 2052 «ι
1228 2003 1289 2056 llaec
1302 1998 1362 2054 intel·

785 2068 881 2140 ligitur
896 2066 944 2124 illa
961 2069 1036 2140 luga,
1055 2086 1122 2141 quae
1144 2088 1204 2128 non
1222 2073 1302 2129 debet
1316 2068 1361 2125 beri

785 2141 814 2197 in
830 2140 931 2201 bieme,
946 2141 990 2196 vel
1005 2141 1033 2196 in
1050 2144 1189 2200 sabbate.
1207 2145 1247 2200 Ad
1261 2144 1362 2199 hiemen

786 2212 1362 2286 pertineutcuraehujusvitae.quaetrist=es

786 2292 853 2341 sunt
867 2284 942 2340 velut
962 2285 1069 2354 biems3
1087 2287 1125 2341 ad
1143 2289 1296 2344 sabbatum
1311 2301 1362 2340 reru

785 2356 902 2428 crapula
914 2362 942 2412 et
956 2356 1092 2426 ebrietas,
1104 2375 1174 2429 quae
1190 2359 1294 2415 carnali
1308 2356 1361 2412 lati·

786 2429 824 2485 tia
840 2430 1004 2500 luxuriaque
1019 2445 1070 2485 cor
1086 2432 1281 2503 submergunt
1292 2438 1361 2510 atque

785 2503 920 2566 obruunt,
930 2501 1005 2572 quod
1017 2504 1126 2560 malum
1139 2504 1253 2561 sabbati
1266 2515 1360 2559 nomme

785 2573 924 2641 sinuatur,
939 2572 1006 2644 quia
1026 2572 1075 2630 illo
1095 2574 1145 2630 die
1161 2575 1255 2632 Judaei
1271 2571 1359 2630 delini<

784 2646 919 2713 affluunt,
950 2646 1016 2701 dnm
1047 2646 1200 2717 spirituale
1229 2649 1359 2704 sabbatum

786 2717 1358 2798 invemat.»Etserundumllicrouymun,

786 2806 862 2846 emm
880 2795 1005 2859 tempore
1019 2806 1090 2862 epus
1103 2797 1148 2847 est
1165 2793 1262 2865 vigilia
1276 2787 1359 2846 mentis

786 2868 851 2918 ante
863 2868 985 2918 mortem
1001 2862 1143 2945 corperis,
1160 2865 1235 2920 utin
1254 2877 1358 2936 prasen-
1391 2894 1395 2905 ·

786 2935 826 2991 tia
845 2934 946 2990 summi
965 2934 1074 2991 iudicis
1093 2936 1296 2993 consistamus.
1314 2935 1356 2989 tloc

787 3005 862 3063 eninr
879 3012 921 3062 est
936 3012 1033 3063 nostra
1048 3007 1209 3065 beatitudo.
1222 3008 1273 3066 Ubi
1283 3005 1355 3063 seur.-

789 3102 803 3131 α
819 3078 871 3147 Qui
886 3084 950 3134 ante
971 3078 1071 3136 Filium
1090 3080 1221 3137 hominis
1235 3073 1353 3143 stareei·

787 3168 852 3223 que,
868 3151 947 3222 juxta
964 3153 1066 3222 Apoeal
1080 3154 1163 3225 psim
1182 3152 1308 3215 loannis,
1321 3146 1354 3202 die

788 3229 930 3295 noctuque
945 3222 974 3278 in
989 3169 1094 3296 templo
1106 3225 1171 3295 ejus
1183 3224 1289 3281 servire
1301 3216 1353 3277 desi·

787 3296 877 3365 derat,
888 3296 1052 3368 necabejus
1063 3295 1353 3368 aspectibusinignem

787 3375 924 3424 aeternum
945 3369 1113 3425 maledictus
1133 3369 1237 3440 abjici;
1257 3377 1354 3442 nense

787 3438 1353 3509 lumabillecebrissecularibuscastigam

86 3548 89 3553 >
144 3509 206 3565 haec
217 3511 434 3579 chrysostomus.
448 3511 537 3580 llajor
550 3511 663 3567 insania
675 3527 730 3567 non
756 3534 759 3581 i

148 3586 328 3655 potestesse,
347 3597 432 3651 quam
453 3588 512 3650 post
536 3587 578 3637 tot
602 3589 630 3638 et
651 3589 733 3639 tanta
757 3648 760 3657 ¹
787 3584 957 3654 quibusdam
968 3584 1078 3649 diebus.
1089 3584 1140 3642 sed
1155 3586 1234 3642 omni
1248 3592 1354 3653 tempore

148 3654 249 3739 merita
271 3652 385 3736 Christi,
402 3658 523 3711 mortem
545 3655 648 3712 animae
674 3672 732 3711 non
758 3700 761 3723 ,
786 3659 879 3713 tacere
904 3657 997 3713 debet.
1017 3659 1099 3714 Juxta
1124 3658 1202 3731 quod
1228 3652 1360 3719 psalmista,

146 3729 310 3786 formidare.
328 3727 410 3795 Quia,
427 3732 457 3783 ut
471 3726 510 3784 ait
525 3727 601 3785 idem
619 3730 732 3797 cereso·
759 3794 761 3805 ι
785 3728 826 3786 ait
846 3747 853 3785 :
874 3730 1036 3786 benedicam
1064 3733 1214 3788 Dominum
1242 3740 1272 3788 ta
1299 3723 1354 3781 onai

145 3808 259 3871 stemus,
278 3805 382 3873 quanto
402 3799 552 3870 pretiosior
574 3806 615 3858 est
635 3799 732 3858 anima
785 3808 913 3875 tompore,
930 3818 1034 3875 semper
1046 3803 1107 3859 teus
1120 3805 1183 3874 ejus
1196 3806 1227 3860 ab
1242 3817 1285 3860 ore
1296 3811 1352 3859 net

787 3512 837 3569 sed
859 3517 887 3568 et
906 3528 988 3569 erare
1009 3518 1037 3569 et
1059 3512 1189 3584 vigilare,
1205 3521 1234 3571 et
1248 3515 1296 3569 lroc
1312 3521 1353 3564 non

145 3889 231 4003 paam
245 3889 356 3943 corpus,
367 3877 445 3929 tanto
460 3872 648 3931 miserabilior
664 3888 731 3945 per·

166 3946 215 4003 itio
231 3945 391 4003 animarum
403 3959 488 4016 quam
504 3962 664 4018 corporum.

182 4042 197 4101 ἶ
221 4021 285 4074 luno
306 4036 409 4074 saurim
432 4034 478 4071 usn
500 4035 675 4075 vuemavuuu.
696 4048 731 4059 -

146 4091 254 4147 Deinde
270 4097 366 4148 monet
383 4106 493 4158 omnes,
509 4090 606 4147 dicens
624 4108 630 4146 :
650 4093 730 4159 Vipi-

147 4165 201 4218 lute
221 4166 315 4235 itaque
331 4167 405 4220 omni
420 4169 548 4235 tempore,
565 4179 622 4218 non
637 4162 732 4234 vigilia

145 4250 256 4303 sensus,
272 4237 339 4305 quia
355 4236 450 4294 nullus
467 4239 562 4309 posset
579 4237 631 4292 hoc
646 4235 730 4292 susti·

145 4322 225 4388 pere,
241 4307 291 4389 sed
315 4307 410 4380 vigilia
431 4309 603 4373 intellectus,
624 4308 660 4365 de
675 4325 731 4381 qua

144 4394 175 4436 ιιι
185 4379 308 4438 Cauneis
318 4380 421 4440 dieitur
431 4397 438 4438 ι
448 4385 507 4454 Eue
517 4383 633 4457 dormio,
645 4386 671 4439 et
686 4398 732 4441 cer

785 3874 825 3931 sie
853 3890 974 3946 namque
1004 3875 1161 3932 merebitur
1188 3874 1312 3932 habitare
1333 3865 1354 3945 iu

784 3947 868 4002 domo
892 3945 1013 4017 Domini,
1029 3951 1058 4003 et
1079 3947 1109 4004 in
1135 3949 1264 4005 seculum
1286 3937 1353 4001 seculi

785 4018 902 4075 laudare
918 4018 998 4075 illum
1014 4041 1020 4076 :
1038 4039 1052 4071 ι
1069 4020 1131 4076 haec
1145 4022 1231 4078 Beda.
1249 4020 1301 4077 Cur
1315 4028 1353 4093 ιιις

784 4096 841 4147 tem
857 4090 966 4147 monuit
986 4096 1016 4147 ut
1033 4090 1187 4163 vigilemus
1210 4099 1239 4150 et
1262 4086 1354 4149 sollint

784 4164 883 4232 simus,
891 4163 1017 4221 declarat
1026 4165 1169 4237 protinus,
1182 4184 1248 4225 eum
1259 4159 1355 4240 subdit·-

783 4239 902 4297 Nescitr's
914 4240 985 4292 enim
996 4238 1107 4308 quondo
1120 4244 1230 4312 tempus
1241 4244 1287 4306 sit,
1299 4233 1357 4292 scili·

785 4315 829 4367 eet
845 4308 955 4379 judieii,
971 4308 1030 4366 sive
1045 4310 1148 4368 mortis
1165 4313 1299 4387 propria.

821 4387 837 4438 8
848 4382 906 4452 Quo
918 4398 1002 4440 sensu
1010 4381 1145 4443 Camsrus
1155 4402 1230 4445 mxm
1242 4404 1273 4445 su
1286 4396 1359 4444 vetet·
