2820 4928
248 392 285 446 ult
313 390 465 445 stuttottl
493 392 530 446 ΕΤ
558 392 726 447 oulrlottss
755 394 875 447 bouill
903 393 934 446 ll
962 393 1067 446 ceula.
1229 395 1275 447 365

49 517 104 558 nus
113 500 228 559 videbat
236 500 390 572 discipulos
401 480 555 558 lormidar'e
565 501 634 559 etti·

48 588 129 630 merc
141 596 147 631 :
159 578 219 629 tum
228 571 339 629 ratione
347 575 492 653 temporis,
501 575 568 655 quia
578 589 634 630 nox

48 650 129 712 erat;
150 650 211 701 tum
224 642 335 700 ratione
354 642 419 707 loci,
434 643 544 715 quiam
558 644 633 701 civi-

48 719 109 772 tate
133 715 281 772 manifeste
309 712 458 782 sistebant,
474 714 513 771 ita
528 721 559 772 ut
579 717 633 772 ire·

47 786 453 860 quentereircumvolrerunt
478 788 577 843 oculos
596 787 632 844 ad

47 860 155 915 ostium
170 856 281 927 domus,
298 857 378 929 quasi
396 857 586 928 imaginantes
604 864 632 914 et

46 934 245 1001 exspectantes
260 928 355 985 invadi
369 939 397 987 ct
409 932 471 1001 capi
487 929 523 986 ab
540 929 630 985 hosti·

46 1000 114 1067 bus,
134 1008 164 1057 et
176 1005 291 1071 propter
305 1002 359 1057 hoc
373 1003 466 1060 minus
477 999 629 1057 intenden-

48 1077 95 1129 tes
109 1071 154 1128 his
167 1088 231 1142 quae
245 1071 373 1142 dicebat3
396 1072 459 1131 idco
484 1077 514 1128 ut
529 1072 630 1129 melius

47 1144 209 1214 verbaque
220 1142 417 1203 dicturuserat
427 1142 629 1214 intelligerent,

47 1219 77 1272 et
95 1220 125 1270 ut
143 1216 179 1272 ad
193 1214 286 1271 locum
310 1220 386 1274 unde
401 1215 554 1273 tradendus
568 1224 630 1272 erat

49 1286 171 1354 reniret,
189 1285 264 1342 inter
285 1285 342 1342 alia
360 1291 402 1344 cis
425 1285 629 1344 discumbenti-

49 1357 103 1415 bus
117 1357 185 1413 disit
201 1374 207 1413 :
223 1360 346 1427 Surpite,
361 1376 454 1416 eamus
467 1361 541 1425 linc,
557 1357 630 1413 sciti·

48 1433 96 1485 cet
109 1429 144 1485 acl
170 1428 262 1485 locum
280 1429 367 1488 alium
390 1431 479 1503 magis
498 1445 630 1486 securum

49 1509 80 1556 et
95 1506 246 1568 secretum,
268 1500 313 1557 ubi
331 1504 507 1559 estimantes
525 1518 574 1556 ros
586 1517 630 1558 se-

47 1587 134 1628 curos
143 1575 280 1628 atteutius
286 1573 407 1630 audiatis
421 1573 508 1630 rerba
521 1587 594 1641 mea,
603 1577 633 1628 et

48 1643 151 1699 melius
165 1643 319 1700 attendatis
333 1645 369 1701 nd
380 1661 414 1702 ea
427 1661 491 1715 quae
504 1651 571 1700 sunt
582 1661 632 1700 vo·

47 1713 233 1781 bisdicenda;
247 1716 282 1771 ad
292 1715 383 1772 locum
392 1717 468 1773 unde
480 1716 633 1772 tradendus

47 1802 112 1842 eum
136 1787 171 1841 ad
190 1791 322 1855 mortem,
336 1786 373 1843 ad
391 1793 600 1860 separationem
615 1803 632 1843 a

48 1855 131 1913 vobis
144 1856 332 1929 corporaliter
346 1861 374 1914 in
389 1861 441 1915 troc
461 1858 578 1926 mondo,
596 1857 633 1914 ad

45 1928 211 1999 angustiam
224 1934 253 1985 et
276 1931 440 1986 Passionem
468 1944 581 1997 meam;
603 1936 633 1984 et

46 2002 215 2072 quicumque
235 2001 353 2056 uoluerit
375 2007 441 2073 pest
464 2016 506 2054 me
528 2002 631 2068 venire,

44 2072 162 2140 cbrrepet
175 2075 369 2141 senetipsum3
389 2078 415 2128 et
429 2074 508 2128 tollat
527 2087 632 2127 crucem

43 2160 136 2206 mam,
147 2148 172 2198 et
181 2149 315 2214 sequetur
323 2160 377 2199 me.
389 2146 432 2213 ut,
443 2149 484 2213 tu,
494 2159 544 2199 ora
554 2158 630 2225 eum,

45 2221 80 2271 ut
97 2230 156 2270 non
170 2213 245 2270 sinat
262 2220 289 2270 te
305 2231 388 2271 asuo
401 2215 489 2271 latere
504 2229 632 2285 separari

44 2284 98 2342 sed
112 2286 248 2342 concedat
264 2288 314 2343 tibi
333 2302 428 2343 secum
448 2285 500 2354 ire,
521 2291 550 2341 et
566 2301 632 2342 eum

42 2355 138 2427 aequi,
154 2359 213 2414 sire
228 2356 264 2413 ad
279 2363 409 2423 mortem,
419 2359 516 2414 sivead
532 2355 629 2413 vitam.

45 2428 71 2485 0
88 2433 214 2498 quantus
228 2444 316 2500 paror
331 2429 358 2485 in
372 2429 524 2500 discipulos
540 2428 630 2485 intra·

44 2501 90 2554 vit
104 2498 261 2556 nescientes
276 2517 332 2572 quo
346 2500 388 2555 vel
398 2501 520 2572 qualiter
530 2500 570 2554 ire
584 2498 631 2555 de-

46 2570 162 2638 berent,
178 2571 255 2627 etde
269 2570 358 2643 ipsius
373 2570 553 2642 separatione
568 2570 629 2640 plu·

43 2640 361 2700 rimumlormidantesl
374 2642 472 2699 llerite
487 2647 581 2697 autem
595 2643 629 2695 de

42 2718 127 2769 tanto
141 2713 270 2769 convivio
279 2713 379 2786 gratiae
390 2713 630 2770 reddeudaeerant

44 2786 122 2850 Dco;
138 2792 166 2840 et
180 2783 243 2840 ideo
257 2791 320 2856 post
339 2800 460 2850 coerram,
481 2785 629 2867 hymnum,

43 2855 75 2913 id
93 2859 136 2911 est
148 2858 289 2911 canticum
305 2856 408 2912 divinae
432 2856 524 2913 laudis
548 2855 627 2924 dixit,

44 2935 75 2984 et
92 2925 199 2998 gratias
213 2929 281 2999 egit,
302 2926 374 2984 sicut
389 2932 416 2983 et
434 2933 502 2984 ante
516 2943 628 2983 coenam

44 2997 164 3065 lecerat,
179 3003 208 3055 ut
229 2998 337 3055 scilicet
357 2999 498 3067 addiscas,
513 3006 542 3054 et
562 3002 629 3054 ante

44 3069 141 3127 cibum
154 3074 257 3141 etpost
272 3069 365 3127 cibum
384 3069 541 3142 gratiarum
563 3070 628 3125 red-

46 3141 115 3199 dere
130 3142 266 3197 actiones.
288 3143 366 3198 Unde
391 3144 596 3211 chrysostomus
619 3160 627 3195 :

47 3236 61 3263 n
71 3211 459 3284 Audientuuicumquevelut
472 3214 550 3284 porci
560 3211 628 3267 sim·

46 3282 159 3357 pliciter
184 3284 391 3341 manducantes
410 3299 474 3340 cum
494 3282 629 3339 ebrietate

46 3360 180 3425 surgunt,
203 3371 267 3411 cum
282 3356 397 3412 deceret
410 3353 518 3426 gratias
533 3369 629 3425 agere,

45 3432 73 3483 et
89 3426 227 3497 hymnum
256 3426 419 3495 concinere,
446 3432 475 3482 ct
501 3440 629 3481 mensam

46 3497 197 3564 desinere;
226 3498 346 3554 audiant
359 3497 531 3569 quicumque
565 3494 630 3551 utti-

47 3567 295 3626 memorationem
318 3571 347 3626 in
373 3573 461 3626 sacris
489 3569 632 3640 mysteriis

47 3656 105 3698 uon
121 3645 295 3709 exspectant,
315 3640 417 3697 ultima
437 3639 514 3697 enim
539 3638 630 3695 oratio

45 3713 152 3775 missae,
166 3710 240 3767 illins
256 3712 352 3783 hymni
368 3720 410 3768 est
424 3714 546 3783 signum.
563 3710 633 3766 Gra·

45 3782 103 3839 tias
116 3798 184 3852 ergo
207 3781 265 3853 egit
283 3788 436 3851 antennam
457 3797 538 3839 sacra
564 3796 631 3853 my-

46 3852 137 3910 steria
150 3851 296 3925 discipulis
309 3855 401 3910 daret.
416 3860 446 3910 ut
460 3863 490 3911 ct
504 3868 556 3909 nos
569 3868 631 3922 gra·

44 3924 229 3995 tiasagamus
241 3943 248 3991 ;
260 3926 394 3995 termnum
403 3924 472 3981 dixit
480 3931 630 3997 postquam

45 3995 206 4064 dedit,utet
216 4012 267 4052 nos
275 4000 327 4053 troc
339 4013 429 4068 ipsum
444 3996 596 4052 laciamus:
613 4016 627 4041 e

46 4069 110 4125 baec
123 4068 421 4137 carpsosiomustlnde
429 4068 554 4124 etlleda:
567 4088 582 4116 «
591 4067 631 4122 Si-

47 4139 108 4197 mul
123 4138 211 4196 etiam
227 4145 255 4196 et
270 4141 322 4195 troc
333 4138 468 4201 ostendit,
484 4137 560 4210 quod
573 4153 631 4193 am·

47 4209 191 4283 plectibile
215 4218 277 4267 crat
294 4210 347 4267 sibi
375 4227 426 4282 pro
447 4209 629 4276 nobismori,

45 4281 117 4412 apia
130 4298 195 4338 cum
209 4283 363 4339 tradendus
380 4288 441 4338 erat
462 4283 550 4338 ileum
569 4281 629 4337 lau·

85 4369 117 4410 re
130 4351 266 4425 dignatus
278 4360 338 4423 est;
350 4354 433 4410 docet
454 4359 483 4409 et
498 4369 550 4409 nos
566 4367 630 4407 cum

692 500 878 573 inaugustias
892 499 1055 568 incidimus,
1072 507 1187 572 propter
1206 501 1278 559 mul·

693 578 788 630 torum
804 572 925 630 salutem
946 588 1004 628 non
1029 571 1202 636 contristari,
1227 574 1277 630 sed

693 647 752 702 lieo
768 643 877 727 gratias
892 659 989 716 agere,
1002 642 1050 715 qui
1066 642 1095 700 in
1112 649 1209 700 nostra
1225 643 1275 700 tri·

692 716 848 779 bulatione‚
871 721 1006 787 operatur
1028 714 1181 772 multorum
1202 715 1276 772 salu·

692 791 759 843 tem.
777 809 792 838 »
805 788 932 844 landem
948 784 1201 858 multiscompletis
1215 802 1275 858 my-

692 857 797 927 steriis,
813 866 839 914 et
858 859 957 927 hymno
984 858 1069 921 dicto,
1093 873 1144 929 pro
1174 859 1275 915 Sacra·

693 929 781 987 menti
797 928 986 993 institutione,
1001 936 1030 985 et
1049 944 1130 985 norae
1145 928 1210 987 vitae
1223 931 1274 986 de·

690 1000 884 1070 nuntiatione,
900 1002 970 1057 hora
988 999 1175 1070 completorii,
1191 1016 1275 1072 egre·

690 1071 767 1129 ditur
785 1072 898 1129 deloco
918 1087 1025 1139 ccenae,
1046 1087 1111 1127 cum
1131 1070 1276 1144 discipulis

690 1143 767 1212 suis;
783 1147 910 1199 exierunt
924 1146 954 1198 ia
970 1147 1086 1198 mentem
1110 1143 1222 1210 Oliveti,
1239 1143 1275 1200 ad

690 1214 782 1271 locum
802 1220 882 1272 extra
901 1216 1055 1282 civitatem,
1071 1213 1107 1270 nd
1122 1229 1207 1286 quem
1223 1216 1276 1271 sci·

690 1288 756 1343 ebat
775 1294 925 1343 venturum
947 1284 1134 1367 proditorem,
1149 1287 1225 1343 ultro
1246 1303 1277 1343 se

691 1358 812 1414 ollercns
830 1357 969 1426 Passioni,
997 1362 1028 1412 ut
1053 1356 1219 1414 ostenderet
1245 1373 1276 1414 se

692 1429 851 1486 voluntarie
862 1428 960 1485 subire
975 1431 1108 1495 mortem,
1124 1436 1152 1485 et
1162 1429 1275 1485 deside·

692 1499 1273 1571 rarenostramredemptionem.llleenim

692 1572 771 1628 locus
785 1578 847 1653 erat
854 1578 935 1644 aptus
946 1571 982 1627 ad
1002 1570 1171 1653 capiendum
1187 1571 1274 1627 Chri-

693 1649 780 1710 stum,
793 1657 861 1717 qura
879 1651 941 1700 erat
960 1658 977 1698 a
996 1648 1110 1698 civitue
1129 1648 1273 1709 remotus;

692 1720 722 1772 et
744 1714 796 1782 ipsi
822 1715 990 1785 quaerebant
1014 1729 1116 1785 rapere
1131 1728 1196 1770 eum
1212 1716 1275 1771 sinc

691 1785 811 1858 strepitu
827 1786 984 1843 turbarum.
1003 1785 1142 1841 Praecedit
1157 1784 1225 1855 ipse,
1245 1791 1275 1842 tu

693 1872 759 1912 eum
772 1872 901 1928 sequere,
918 1863 946 1912 et
969 1856 1101 1928 conspice
1120 1855 1273 1927 discipulos

692 1935 791 1983 euntes
803 1932 867 1999 post
879 1942 955 1994 eum,
966 1934 996 1982 et
1008 1943 1071 1983 cum
1083 1943 1117 1982 eo
1130 1928 1273 1997 quomodo

691 1998 811 2126 guilibet
825 1997 873 2068 qui
893 1996 984 2069 magis
1003 2003 1106 2069 potest,
1123 1997 1213 2069 magis
1228 1998 1275 2055 ei-

712 2069 952 2141 emappronimat,
965 2075 993 2125 et
1007 2074 1202 2140 congregatim
1213 2087 1273 2140 pcr-

692 2147 802 2212 gentes,
828 2140 902 2197 sicut
935 2138 1022 2196 moris
1057 2146 1101 2196 est
1130 2140 1273 2266 pullomm

692 2228 810 2284 pergere
822 2218 884 2284 post
894 2211 1040 2285 gallinam,
1049 2212 1133 2283 impel
1148 2217 1198 2268 unt
1208 2228 1273 2270 eum

692 2286 777 2340 modo
791 2300 875 2352 unus,
892 2283 976 2340 modo
994 2283 1067 2341 alius
1081 2300 1115 2341 cx
1130 2283 1272 2341 desiderio

691 2354 935 2437 appropinquandi
958 2360 986 2410 ct
1005 2353 1139 2412 audiendi
1153 2357 1239 2413 verba
1253 2355 1275 2411 i·

691 2442 779 2498 psius.
796 2429 857 2498 lpse
876 2443 942 2483 vero
957 2425 1079 2483 libenter
1091 2431 1120 2482 et
1133 2426 1275 2499 patienter

691 2497 848 2554 sustinebat
861 2499 897 2555 ab
911 2496 961 2565 eis,
977 2504 1006 2553 et
1021 2503 1087 2553 tunc
1106 2497 1217 2556 locutus
1231 2504 1274 2555 est

691 2568 732 2625 eis
747 2567 914 2640 complendo
928 2583 1100 2636 sermonem,
1116 2570 1209 2625 eundo
1224 2586 1275 2640 per

691 2639 766 2695 riam
781 2646 810 2696 et
828 2642 856 2695 in
873 2640 967 2696 horto.

728 2732 756 2767 ur
772 2713 871 2767 Veners
880 2712 1018 2768 instruar
1028 2729 1060 2767 ar
1071 2728 1174 2770 nonrus
1184 2713 1274 2770 Garn-

691 2800 799 2850 seasm,
821 2800 911 2839 cmm
940 2800 1075 2839 omrrous
1102 2801 1274 2842 rcnuocramr

690 2871 880 2911 consuavnnsr
894 2856 1026 2911 Doctrina.
1045 2885 1079 2896 -
1091 2858 1128 2911 Et
1146 2857 1202 2912 baec
1215 2873 1277 2912 cum

690 2927 808 2981 dicisset
823 2929 911 2986 lesus.
926 2942 1050 2995 egressus
1064 2931 1105 2982 est
1118 2943 1179 2983 eum
1194 2928 1276 2984 disci·

688 2999 765 3068 putis
778 3000 838 3051 suis
848 3012 948 3053 versus
961 2997 1117 3064 Orientem,
1128 3004 1206 3053 troas
1220 3004 1276 3055 tor·

690 3074 792 3123 rentem
811 3069 927 3136 cedron,
949 3074 977 3124 et
999 3067 1104 3124 vallem
1128 3071 1279 3141 iosaphat,

690 3155 753 3210 quac
772 3146 816 3195 est
842 3138 916 3195 inter
930 3139 1088 3196 ierusalem
1105 3146 1133 3195 ct
1153 3146 1278 3198 montem

690 3209 790 3267 Oliveti
816 3225 834 3266 a
857 3209 1066 3282 septemtrione
1091 3209 1120 3267 in
1142 3214 1277 3269 Austrum

691 3281 1277 3353 porrecta,pcrqu'usvallismcdiumeur·

693 3351 729 3408 rit
752 3354 826 3408 idem
849 3360 961 3409 torrens
978 3353 1100 3411 cedron.
1117 3356 1164 3410 Est
1182 3361 1278 3413 autem

692 3423 802 3482 Cedron
815 3423 958 3495 genitivus
969 3424 1099 3496 pluralis,
1116 3424 1165 3497 qui
1180 3427 1279 3484 Latine
1315 3484 1323 3497 ,

693 3495 842 3552 cedrorum
863 3495 978 3563 dicitur,
994 3497 1029 3552 de
1050 3497 1153 3569 quibus
1167 3497 1281 3555 arbori·

693 3566 747 3623 bus
771 3567 853 3637 copia
866 3566 904 3624 ibi
931 3572 993 3624 erat
1015 3567 1043 3624 in
1059 3566 1129 3640 ripis
1144 3568 1281 3625 torrentis

693 3638 832 3709 ejusdem.
849 3639 921 3695 unde
937 3638 977 3693 sic
990 3639 1160 3719 appellatur.
1178 3641 1207 3695 ln
1226 3641 1279 3696 bac

692 3708 766 3764 ralle
775 3719 819 3765 est
832 3722 1014 3780 parvarampr
1027 3708 1216 3779 planitiesirri
1240 3726 1277 3766 ua

692 3785 720 3835 et
737 3795 897 3846 nemorosa,
915 3779 1054 3849 plenaque
1072 3778 1190 3835 deliciis.
1232 3782 1275 3837 al·

693 3850 725 3905 lis
739 3866 807 3905 vero
830 3864 933 3905 nomen
954 3849 1094 3920 accepite
1109 3866 1176 3923 rege
1190 3852 1278 3908 losa-

691 3922 761 3994 phat
781 3919 820 3977 ibi
834 3920 954 4048 appulto,
973 3922 1022 4002 ubi
1040 3926 1153 4002 aparte
1172 3924 1278 3979 montis

692 3996 760 4050 Sion
775 3992 803 4048 in
816 4007 850 4063 pe
872 3997 1006 4049 emontrs
1016 3991 1128 4061 Olivetr,
1144 3994 1171 4048 in
1187 3993 1278 4064 ipsam

693 4063 794 4120 vallem
817 4063 1027 4125 descendendo.
1048 4068 1088 4118 est
1116 4063 1202 4120 turris
1233 4083 1277 4123 se-

693 4135 842 4207 pulchrum
868 4136 929 4262 ffus
954 4134 1121 4199 continens:
1141 4136 1222 4264 erigus
1241 4140 1277 4195 ad

693 4206 839 4263 dexteram
890 4223 905 4262 e
937 4219 1008 4276 rupe
1038 4205 1142 4262 montis
1194 4207 1275 4273 liviri.

693 4278 787 4334 excisa
811 4284 839 4333 et
866 4282 998 4348 separata
1020 4277 1122 4334 domus
1145 4277 1201 4335 duo
1234 4298 1278 4336 ea·

695 4356 760 4406 rata
788 4350 871 4405 babet
903 4349 1064 4420 sepulchra,
1094 4349 1202 4406 scilicet
1230 4350 1276 4407 Si-
