2842 4920
199 350 240 405 DE
267 348 465 407 alieniori
493 349 672 415 elenensi,
701 351 810 406 annno
837 351 1005 407 Flllllilllil'l
1061 353 1134 410 ETG.
1236 351 1282 408 ²oe

60 458 150 517 endis
167 456 254 514 nobis
268 462 302 514 ut
323 456 474 539 eradamus
492 455 569 515 tibia
588 457 643 515 Sed
698 473 736 516 na
754 457 846 530 gloria
860 465 903 517 est
916 460 1157 544 parvipendenda,
1176 464 1205 518 ei
1223 477 1282 519 om·

61 544 208 599 oee‚cum
220 529 592 600 tanta'signaiecisset,non
604 529 645 586 id·
699 528 743 586 nis
758 545 843 602 poena
868 537 1011 604 patienter
1028 531 1188 603 toleranda,
1213 533 1282 605 quia

61 604 127 660 irco
143 600 328 658 crediderunt
342 599 379 657 ei.
399 603 604 671 Verumtamen,
618 607 644 656 et
699 602 793 658 omnis
813 618 909 675 poene,
928 620 992 676 quae
1004 620 1057 678 pro
1068 604 1181 677 justitie
1195 603 1284 662 susti·

60 690 82 730 n
96 673 289 801 princissibnm
303 670 332 727 id
353 676 397 729 est
418 672 601 745 legisperitis
616 678 644 728 et
698 681 792 755 netur,
803 674 1015 756 estlmeriloria,
1029 681 1060 733 ut
1069 691 1134 732 cum
1148 675 1283 747 apostolo

60 744 195 803 acerdoti
218 759 261 810 us,
285 745 368 799 malti
382 745 559 801 erediderunt
576 749 643 800 tunc
699 745 817 814 quilibet
831 747 907 803 dieat
919 765 926 802 :
939 750 1013 804 Mili
1026 753 1116 805 autem
1142 749 1217 804 absit
1229 748 1286 817 plo-

60 834 76 873 n
92 833 171 880 eum,
186 819 305 886 propter
318 813 492 872 miraculaet
504 815 643 898 impletio·
697 818 781 883 riori,
799 820 856 873 nisi
870 820 900 873 in
919 836 996 874 cruce
1008 821 1121 875 Domini
1138 821 1227 876 nostri
1240 821 1286 875 Je-

60 904 118 945 ,em
135 886 362 958 scripturarum,
378 885 451 942 sieut
476 890 505 943 et
520 887 642 944 Nicode·
698 902 731 943 su
745 888 857 957 Christi,
868 905 917 960 per
929 907 1009 960 quem
1018 893 1089 946 mini
1099 892 1286 946 mendosoru-

60 974 126 1018 sus.
143 973 221 1014 unus
234 973 347 1025 eorum,
374 956 423 1031 qui
439 957 511 1015 alias
524 963 644 1015 venerat
698 961 800 1029 einum
812 965 862 1027 est,
877 967 903 1016 et
917 977 965 1031 epo
976 963 1088 1018 mundo.
1107 964 1151 1030 Et,
1160 961 1223 1019 ideo
1238 977 1286 1018 se·

60 1031 202 1088 diesum
216 1034 312 1098 nocte,
332 1035 362 1085 et
380 1028 530 1098 tlemaliel,
545 1036 573 1086 et
591 1032 641 1087 Jo-
698 1031 821 1086 eundum
839 1031 1038 1103 Aupustinum,
1059 1035 1197 1090 Dominus
1216 1049 1284 1089 cru·
1347 1090 1350 1096 ,

60 1104 121 1175 eph
136 1101 174 1158 ab
186 1099 356 1167 arimathia,
372 1099 462 1157 etalii
486 1102 642 1173 quamplu-
696 1116 757 1158 cem
773 1117 853 1157 suam
867 1104 1042 1161 inlrontibus
1058 1103 1234 1162 credentium
1248 1103 1283 1159 il·

60 1190 115 1241 es3
130 1172 181 1228 sed
192 1178 306 1243 propter
315 1174 469 1228 Plinrisaeos
484 1189 538 1229 non
552 1176 642 1242 corifi·
696 1171 745 1241 xit,
764 1171 813 1229 ubi
827 1174 1036 1244 quodammodo
1047 1174 1130 1232 sedes
1144 1180 1187 1231 est
1201 1190 1282 1231 vere·

60 1245 182 1301 riantur
196 1243 356 1311 manifeste,
370 1248 426 1299 ute
439 1260 582 1313 synopopo
592 1260 641 1300 eo·
696 1243 817 1308 cunlliae,
829 1248 860 1299 ut
870 1244 905 1301 de
915 1245 1032 1302 nomine
1043 1248 1105 1327 ejus
1118 1245 1212 1302 lldelis
1223 1261 1282 1301 non

60 1332 116 1373 nm
134 1332 190 1372 non
206 1317 387 1384 ejicerentur:
404 1314 542 1387 quiajam
560 1331 641 1371 eons-
696 1315 866 1382 erubeseat,
886 1321 913 1371 el
938 1322 970 1372 nt
989 1332 1080 1387 magis
1095 1316 1145 1373 Dei
1160 1316 1282 1388 gloriam

60 1387 216 1468 timuerant
231 1385 583 1467 quodeontitentesipsum
596 1403 641 1442 es·
696 1401 780 1512 priam
795 1385 914 1467 gloriam
927 1387 1075 1444 hominum
1086 1388 1195 1460 diligat;
1205 1387 1282 1444 unde

60 1459 254 1525 euaristum,
273 1457 309 1513 de
321 1461 457 1513 societate
475 1458 640 1515 ludaeorum
695 1457 752 1525 ile,
770 1472 819 1527 qul
834 1473 862 1512 in
883 1456 980 1524 missa,
1003 1458 1187 1530 Evangelium
1202 1460 1281 1531 legit,

60 1529 271 1602 npellerentur‚
300 1528 377 1600 quod
399 1529 476 1612 apud
501 1545 533 1586 os
559 1529 641 1586 valde
695 1538 722 1585 et
737 1528 823 1585 etiam
841 1527 940 1601 illiqui
957 1529 1027 1587 illud
1046 1530 1176 1604 audiunt,
1200 1529 1281 1605 signo

61 1599 279 1673 gnominiosum
299 1607 370 1657 erat.
394 1599 502 1673 DJeetio
515 1600 592 1658 euim
607 1601 642 1656 de
696 1600 832 1659 erupisse
848 1603 972 1673 signant.

60 1686 199 1745 ›ynagoga
224 1672 411 1742 reputabatur
431 1688 547 1743 magna,
570 1672 643 1729 sieut
734 1694 761 1729 n
781 1674 915 1730 aluums
929 1690 1079 1731 russonum
1097 1692 1129 1730 sn
1143 1675 1281 1732 Dominus·

60 1746 128 1816 ipud
144 1759 199 1799 nos
216 1742 317 1815 ejectio
330 1759 381 1815 per
389 1742 640 1800 exeommunicati·
694 1747 896 1815 -Postquam
925 1752 1021 1802 autem
1038 1748 1094 1802 naee
1120 1749 1227 1802 tornatus
1242 1748 1284 1800 est

60 1830 137 1872 >nem
153 1813 191 1871 de
202 1813 433 1872 Ecclesiacausa
442 1831 510 1872 vero
520 1820 548 1872 et
560 1814 640 1871 radix
695 1815 832 1872 Dominus
853 1818 943 1885 lesus,
964 1816 1012 1888 qui
1026 1821 1171 1874 scrutatur
1195 1814 1284 1872 eorda

60 1887 135 1959 nujus
150 1887 289 1954 delectus,
309 1885 428 1954 seilicet,
446 1902 535 1958 quare
549 1885 639 1942 Judaei
694 1885 853 1954 hominum,
877 1902 1053 1957 cognoscens
1078 1889 1203 1945 furorem
1223 1886 1284 1942 illo·

60 1973 109 2015 loo
130 1957 352 2025 confitebantur,
372 1963 434 2014 erat
456 1957 590 2030 superbia
613 1963 641 2013 et
694 1973 769 2020 rum,
788 1963 816 2012 et
843 1956 983 2015 malitiam
1008 1973 1094 2028 quam
1119 1961 1179 2029 jam
1198 1956 1234 2014 de
1249 1971 1283 2013 eo

61 2030 149 2085 nanis
160 2028 641 2105 gloria:Dileneruntlenimploriam
695 2027 849 2084 occidendo
864 2035 1065 2099 conceperant,
1079 2033 1109 2085 el
1121 2028 1220 2084 volens
1234 2042 1283 2083 eos

60 2102 208 2167 lominum,
224 2104 252 2154 et
267 2100 406 2157 honorem
421 2102 597 2156 mundanum
612 2099 641 2156 in
694 2100 930 2170 praevenire‚non
944 2100 1118 2172 exspectavit
1128 2106 1158 2155 ut
1168 2098 1196 2154 in
1212 2112 1283 2170 opus

60 2169 245 2243 lignitatibus
259 2170 329 2226 etin
348 2171 480 2228 laudibus
497 2171 640 2239 humanis,
695 2171 769 2226 irent
783 2188 790 2238 3
806 2171 856 2227 sed
872 2176 898 2227 et
911 2172 993 2240 abiit,
1013 2170 1174 2227 recedendo
1188 2185 1205 2225 a
1220 2184 1282 2251 pen·

60 2247 144 2312 napis
160 2259 244 2324 quam
258 2244 377 2311 pieriam
391 2246 450 2312 Dei,
466 2248 495 2300 et
508 2245 641 2300 meritum
695 2242 871 2299 secutoribus
885 2242 955 2309 suis,
972 2243 1039 2312 quia
1053 2243 1114 2315 jam
1134 2258 1191 2299 non
1207 2256 1281 2298 rem-

60 2329 105 2371 no
121 2316 172 2371 Dei
209 2314 280 2370 loria
303 2315 486 2386 sperandum,
512 2314 556 2371 cui
587 2314 641 2370 soli
693 2312 1072 2386 plebanteJusdoe-trioam,
1094 2319 1119 2370 et
1138 2313 1282 2369 abscondit

60 2386 178 2443 lebetur
189 2330 284 2466 {iiiior
298 2385 435 2457 etgloria.
447 2386 548 2442 Exhoc
563 2388 640 2443 enim
693 2401 722 2440 se
736 2386 771 2440 ob
789 2387 839 2454 eis,
856 2386 896 2441 sic
922 2385 1057 2468 mitigans
1078 2385 1192 2442 illorum
1207 2382 1280 2440 invi·

60 2456 133 2529 {uod
180 2457 272 2513 ubliee
294 2458 514 2527 confitebantur,
527 2458 641 2513 amitte·
694 2456 1017 2527 &ametimos-emenia
1028 2457 1153 2514 nondum
1166 2457 1285 2513 venerat

60 2531 126 2585 aaut
140 2472 262 2599 gforiam
278 2526 437 2597 hominum,
456 2528 520 2584 lieet
539 2545 572 2585 ex
587 2530 642 2585 hoo
694 2529 766 2585 hora
782 2528 925 2584 Passionis
938 2544 1007 2586 suae.
1023 2531 1054 2585 ln
1090 2545 1124 2585 uo
1139 2526 1222 2584 nobis
1235 2542 1281 2583 ex-

60 2597 301 2681 soosequere'ntur
314 2599 435 2671 gloriam
449 2599 518 2668 Dei;
534 2599 579 2656 isti
594 2616 643 2656 au·
695 2601 821 2726 emplum
835 2599 924 2668 dedit,
938 2605 971 2656 ut
986 2616 1050 2657 eum
1068 2545 1106 2656 ze
1122 2599 1285 2669 aliquorum

60 2674 115 2727 nm
141 2686 234 2741 magis
253 2672 402 2741 elegerunt
426 2669 532 2744 privari
551 2670 643 2743 gloria
696 2687 743 2727 ma
755 2670 805 2727 itia
816 2671 1026 2741 nobiseonstat,
1035 2671 1120 2729 etiam
1130 2676 1285 2741 anlequam

60 2740 118 2810 uei,
134 2741 262 2799 nolentes
274 2742 385 2813 publice
404 2741 642 2814 confiteri,quam
696 2748 812 2815 patrare
830 2759 917 2816 opere
929 2747 1050 2812 tentent,
1063 2744 1163 2815 lugere
1178 2742 1284 2798 debea-

60 2812 150 2885 rloria
162 2813 322 2882 hominum,
336 2813 483 2886 cupientes
497 2831 514 2870 a
526 2815 644 2870 munda·
698 2829 770 2871 mus.
781 2815 936 2871 abscondit
950 2829 979 2870 se
993 2816 1027 2869 ul
1042 2817 1092 2883 eis,
1103 2813 1205 2870 iaeiem
1217 2827 1284 2883 eog-

60 2885 101 2941 nis
120 2884 269 2953 honorari,
287 2902 343 2942 non
355 2885 535 2942 attendentes
549 2886 586 2942 ad
597 2885 642 2942 di·
697 2885 815 2942 nilionis
829 2902 887 2942 suae
896 2886 937 2943 eis
946 2885 1139 2947 subducendo.
1151 2883 1228 2957 quod
1240 2899 1286 2940 ex·

60 2960 133 3013 :ium
152 2956 304 3027 Apostoli:
324 2959 356 3015 Si
376 2957 643 3029 nominibusplaee-
698 2957 882 3014 eaecationem
912 2956 1051 3029 ipsorum,
1079 2961 1107 3014 el
1131 2955 1283 3013 transitum

60 3042 122 3097 eam,
140 3029 347 3085 christiannos
358 3044 411 3084 non
422 3043 516 3084 essem.
531 3030 579 3085 Isti
594 3031 643 3086 ho·
697 3028 766 3085 ildai
777 3045 794 3085 a
806 3029 960 3086 Judaeisad
970 3028 1076 3085 Gentes
1090 3026 1279 3099 significabat.

60 3097 102 3154 ile
117 3099 224 3155 multos
242 3098 351 3155 habent
368 3115 519 3171 sequaces,
536 3100 644 3158 scilieet
696 3103 735 3157 Et
748 3117 808 3157 eum
822 3116 935 3171 uespera
946 3103 1024 3167 sueto
1036 3105 1114 3167 esset,
1126 3098 1281 3168 eprediebn·

60 3184 108 3237 pro
132 3168 233 3226 mundi
248 3171 340 3242 gloria
352 3187 383 3228 se
396 3177 424 3228 et
443 3188 495 3229 sua
509 3172 642 3244 prodiga·
697 3178 743 3228 tur
762 3170 898 3228 Dominus
922 3187 985 3227 cuin
1009 3170 1154 3243 discipulis
1175 3167 1281 3226 duode-

60 3240 123 3298 liler
137 3248 318 3313 exponentes,
339 3248 368 3298 et
381 3258 481 3315 parum
501 3249 550 3301 aul
573 3244 643 3299 nihil
697 3239 1281 3310 cimdeeioitote,etrediitinBethaninm,

60 3327 107 3368 nro
116 3312 169 3369 Dei
184 3313 275 3384 gloria
289 3315 480 3384 promerende
494 3314 641 3372 iacientes.
696 3313 736 3371 ibi
751 3314 835 3371 mites
848 3321 876 3369 et
892 3315 984 3385 justos
998 3313 1033 3371 de
1057 3329 1147 3385 regno
1169 3311 1219 3369 Dei
1233 3312 1281 3368 do-

60 3376 139 3440 Dnde
154 3400 254 3441 eorum
268 3384 340 3441 ildes
361 3385 537 3442 insufficiens
557 3396 641 3456 eret,
696 3402 781 3455 cens3
795 3383 825 3442 in
849 3384 896 3442 die
910 3401 987 3455 vero,
1006 3392 1105 3442 contra
1132 3398 1282 3459 perversos

60 3470 121 3536 son·
140 3458 218 3512 enim
235 3455 341 3512 sufficit
362 3457 448 3513 eorde
470 3459 587 3515 credere
607 3459 643 3516 ad
697 3462 725 3514 et
739 3457 830 3513 malos
849 3472 949 3529 aspere
962 3456 1092 3528 loquens,
1111 3473 1216 3528 eosque
1229 3470 1281 3528 pro

60 3526 206 3596 iustitiam,
222 3527 272 3584 sed
287 3534 398 3599 oportet
412 3527 498 3585 etiam
515 3546 565 3586 ore
577 3547 642 3587 eon·
697 3529 824 3586 moribus
846 3527 942 3601 pravis
966 3529 1142 3600 redarguens
1157 3545 1164 3598 ;
1185 3533 1214 3587 et
1229 3542 1282 3584 nos

60 3596 129 3654 lteri
143 3597 179 3655 ad
197 3598 331 3657 salutem.
352 3601 386 3656 Et
406 3600 436 3656 in
453 3601 520 3671 hoc,
540 3601 641 3659 huma·
695 3616 762 3659 enm
777 3602 808 3657 in
821 3602 876 3657 hoe
893 3598 1006 3673 ,imitari
1021 3599 1168 3659 erudiens.

605 3851 733 3912 ORATIO

88 4020 211 4078 Domine
232 4022 300 4080 iesu
323 4020 445 4090 Christe,
462 4020 499 4080 da
517 4021 588 4080 mihi
606 4028 640 4080 ut
661 4037 720 4080 non
736 4019 826 4079 solum
843 4018 920 4092 lolia,
936 4020 990 4079 hoo
1006 4025 1050 4078 est
1063 4019 1150 4077 verba
1163 4022 1192 4075 et
1205 4018 1278 4076 aesli·

60 4092 211 4151 nationem
223 4094 359 4165 Jusliliae3
376 4095 426 4151 sed
439 4101 472 4153 ut
486 4095 595 4152 fruetus
609 4110 729 4166 operum
741 4093 872 4162 habeam,
887 4109 922 4149 ne
936 4108 954 4149 e
966 4100 995 4150 te
1014 4107 1146 4163 umquam
1161 4090 1277 4147 maledi·

60 4164 179 4222 :tionem
200 4166 354 4222 incurram.
377 4168 418 4222 Da
439 4165 520 4235 mihi,
532 4172 565 4223 ut
587 4171 732 4238 tamquam
748 4181 832 4222 verus
852 4169 919 4220 tuus
938 4163 1078 4231 minister,
1092 4177 1144 4234 pro
1162 4162 1277 4219 modulo

60 4251 117 4293 neo
127 4240 156 4292 te
168 4251 282 4308 sequar,
295 4242 328 4294 ut
340 4237 388 4293 ubi
404 4244 485 4308 tues,
500 4245 529 4294 et
538 4254 592 4310 ego
604 4253 667 4295 esse
678 4253 798 4294 merear.
806 4237 898 4293 Trahe
911 4250 956 4290 me
970 4238 1035 4315 post
1043 4237 1085 4315 le,
1102 4234 1174 4290 bone
1187 4234 1274 4303 Jesu3

60 4323 108 4366 ion
119 4307 219 4365 trahat
236 4307 356 4366 duloedo
370 4307 470 4379 seculi,
492 4311 543 4366 sed
565 4311 662 4367 trahat
680 4323 725 4367 me
747 4308 872 4366 suavitas
886 4320 993 4364 amoris
1009 4307 1061 4364 tui.
1078 4306 1120 4363 sit
1135 4308 1229 4364 tecum
1243 4306 1273 4362 in

113 4405 188 4458 Vm
204 4403 272 4457 Jsso
282 4403 401 4466 Cmsm,
417 4403 566 4458 rouoslll.
1186 4400 1213 4453 li

1011 4602 1139 4634 Q
