2820 4928
85 329 131 386 an
466 329 623 383 stellula
650 329 769 383 Pluris
795 329 900 383 eleut
928 329 946 382 1,

87 438 225 513 praedicta
252 443 319 495 sunt
344 437 478 494 omnibus
501 434 674 493 communia.

87 510 235 569 arrasum
257 510 313 566 duo
340 525 427 580 opera
456 507 675 577 misericordia,

88 599 151 655 quae
171 581 375 654 impenduntur
398 579 495 649 alicui,
522 595 556 635 ex
579 580 677 652 aliquo

88 653 233 710 accidente
249 651 522 724 supervenientem
536 650 558 707 si
574 651 678 721 aliquis

87 726 216 782 incurrat
229 724 434 792 infirmitatem,
447 724 489 780 rel
510 723 533 779 si
549 724 677 795 capiatur

88 798 124 853 ab
141 795 292 852 hostibus:
321 802 350 852 et
372 794 411 852 sic
429 794 606 865 accipiuntur
622 795 678 851 duo

90 883 177 940 opera
189 865 405 936 misericordia,
414 883 477 938 quae
487 872 553 922 sunt
563 866 679 923 visitare

89 938 221 996 infirmos
231 944 260 995 et
274 938 416 995 redimere
433 938 566 1065 captivos.
583 941 617 994 Et
629 954 680 994 no·

90 1010 167 1067 mine
182 1010 386 1080 redemptionis
405 1008 465 1067 inte
478 1009 576 1082 ligitur
593 1024 679 1066 omne

91 1082 261 1138 beneficium
276 1082 317 1138 eis
331 1081 370 1137 im
392 1098 501 1139 ensum.
515 1084 569 1137 lsta
582 1086 678 1136 autem

91 1098 681 1227 septemimpensefiXelibuspropteerri·

91 1233 177 1292 stum,
196 1233 307 1297 reputat
320 1227 378 1297 ipse
399 1224 526 1282 Christus
545 1224 679 1280 sibimet-

90 1295 144 1366 ipsi
160 1297 245 1363 iacta3
262 1304 290 1353 et
304 1314 320 1354 e
333 1300 476 1353 contrario
489 1294 620 1351 fidelibus
632 1295 679 1351 de·

91 1384 128 1424 ne
149 1374 207 1435 ate,
220 1368 388 1440 sibimetipsi
402 1373 513 1438 reputat
527 1367 678 1439 denegata.

92 1384 203 1495 Ficieles
222 1445 287 1496 sunt
312 1441 373 1510 ejus
398 1440 527 1496 membra
543 1445 680 1565 :prester

91 1511 167 1581 quod
182 1509 350 1567 iacientibus
365 1527 452 1582 opera
465 1509 612 1566 misericor
634 1510 678 1577 iae,

90 1581 184 1637 reddit
200 1581 285 1637 vitam
301 1586 449 1640 uternam:
468 1581 679 1650 denegantibus

90 1660 186 1708 autem
206 1668 249 1720 ea,
272 1653 364 1708 reddit
382 1668 506 1723 paenam.
522 1652 679 1707 Adverten-

91 1723 159 1778 dum
175 1728 271 1778 tamen
288 1725 364 1795 quod
383 1739 446 1778 cum
471 1722 598 1779 dicitur:
621 1727 680 1778 llo-

91 1797 175 1863 miue,
196 1795 307 1865 quando
324 1800 349 1849 te
367 1796 489 1850 uidimus
507 1798 680 1863 esurientem,

93 1871 160 1936 etc,
185 1882 244 1921 non
265 1871 308 1922 est
327 1865 447 1938 quaestio
472 1867 630 1936 procedens
647 1883 681 1922 ex

93 1937 265 2010 ignorantia,
276 1937 411 2010 quoniam
422 1937 490 2009 justi
508 1943 682 2009 cognoscent

94 2010 170 2082 quod
186 2027 273 2081 opera
288 2008 491 2067 misericordiae
503 2011 576 2066 iacta
592 2025 681 2066 mem·

94 2082 154 2139 bris
165 2081 281 2153 Christi,
296 2081 356 2155 ipse
371 2081 424 2139 sibi
439 2087 554 2152 reputat
566 2081 639 2148 fieri,
654 2086 682 2138 et

94 2169 147 2224 pro
161 2154 265 2209 talibus
294 2169 325 2210 se
352 2153 474 2223 salvari3
493 2160 520 2210 et
552 2153 683 2209 similiter

95 2223 163 2280 mali
181 2224 272 2279 scient
288 2240 318 2280 se
341 2240 390 2293 pro
406 2224 549 2280 contrario
564 2226 683 2280 damna·-

97 2296 138 2362 ri;
155 2293 204 2349 sed
219 2303 262 2348 est
277 2296 395 2364 queastio
410 2295 619 2364 admirationis
632 2311 684 2367 pro

99 2363 294 2435 magnitudine
310 2365 409 2434 graliae
425 2381 487 2436 quae
506 2367 555 2422 fiet
571 2366 684 2435 electis,

99 2443 127 2492 et
147 2452 197 2507 pro
215 2434 411 2505 magnitudine
428 2436 546 2493 miseriae
566 2453 628 2509 quae
643 2437 685 2494 in-

98 2507 213 2578 lligetur
225 2506 363 2580 reprobis.
379 2508 424 2565 Sic
440 2506 536 2579 itaque
547 2510 686 2579 judicium

97 2583 157 2635 sine
170 2580 377 2647 misericordia,
396 2580 427 2636 flt
442 2583 467 2635 ei
481 2585 531 2651 qui
548 2598 602 2636 non
618 2574 703 2648 fecit'

97 2652 326 2709 misericordium.
354 2651 426 2718 Quid
452 2669 520 2723 crgo
539 2659 686 2709 merentur

98 2725 146 2795 qui
164 2722 258 2780 aliena
273 2721 399 2796 rapiunt,
416 2723 438 2780 si
450 2724 624 2780 aeternaliter
639 2726 686 2780 da·

97 2800 242 2863 ninantur,
252 2797 299 2866 qui
308 2795 402 2850 desub
415 2812 471 2851 non
481 2795 632 2851 dederint?
643 2798 685 2865 Et,

98 2865 122 2923 si
142 2865 210 2922 talia
229 2865 411 2922 sustinebunt
435 2866 685 2933 immisericordes,

98 2937 195 3010 qualia
216 2954 350 3007 passuros
375 2944 509 3011 putamus
531 2938 686 2996 crudeles?

98 3009 179 3066 Unde
193 3011 233 3065 ait
246 3010 451 3078 chrysostomus
462 3030 470 3066 :
481 3031 494 3063 (ι
508 3012 546 3066 Ex
558 3013 611 3066 hoc
623 3011 684 3067 loco

98 3080 247 3137 sciendum
267 3088 318 3149 est,
337 3083 411 3152 quod
427 3098 484 3138 non
506 3088 617 3138 tautum
633 3098 684 3154 pro

99 3168 133 3209 eo
147 3152 222 3222 quod
248 3158 435 3223 peccaverunt
460 3153 592 3210 homines
612 3170 685 3211 con-

65 3262 74 3273 ..
99 3223 253 3280 demuandi
282 3230 359 3291 sunt,
390 3226 440 3281 sed
467 3224 553 3281 etiam
577 3242 630 3299 pro
651 3242 685 3282 eu

98 3295 174 3366 quod
190 3295 264 3350 beue
277 3311 333 3351 non
351 3296 476 3362 iaciunt;
491 3296 514 3352 si
526 3302 622 3353 autom
633 3313 684 3370 pru

98 3381 133 3420 eo
153 3364 229 3434 quod
246 3366 318 3422 bene
340 3383 399 3422 non
422 3367 531 3424 faciunt
550 3369 590 3424 sic
612 3385 685 3425 cou-

98 3434 280 3504 demnautur,
300 3442 383 3506 putas
401 3438 498 3508 quales
520 3455 620 3510 ponas
636 3457 685 3495 ex·

72 3519 73 3523 ’
98 3505 210 3561 solvent
223 3520 275 3575 pro
293 3522 327 3562 eo
342 3512 417 3577 quod
435 3511 574 3576 peccant?
594 3512 628 3565 Et
641 3510 683 3566 di·
694 3500 706 3519 '

98 3593 164 3649 gne,
181 3578 255 3632 Deus
276 3579 353 3634 euim
374 3577 520 3635 bominem
538 3580 602 3636 ideo
618 3581 685 3636 lecit

97 3656 129 3706 ut
144 3646 313 3717 benefaciat,
330 3654 357 3705 et
370 3649 406 3706 ad
420 3650 542 3721 gloriam
558 3654 605 3707 liei
623 3668 685 3724 per-

96 3720 196 3790 tineat,
212 3737 269 3777 non
283 3720 347 3778 ideo
362 3727 473 3779 tantum
490 3728 592 3779 utnon
613 3740 685 3796 pec-

96 3800 151 3862 cet,
169 3808 236 3850 nam
256 3793 279 3849 si
310 3809 365 3849 non
387 3794 473 3851 iaciat
495 3796 615 3865 bouum,
632 3813 685 3852 nec

96 3870 140 3921 est
154 3881 243 3922 causa
257 3881 314 3936 qua
324 3870 498 3923 creatusest.
515 3867 581 3924 Sine
596 3868 684 3924 dubio

95 3936 181 4006 enim,
200 3936 222 3992 si
247 3942 359 3993 creatus
378 3954 434 3993 nou
452 3937 562 4007 luisset,
582 3954 684 4010 pecca·

96 4012 155 4063 tum
175 4025 231 4064 non
258 4009 338 4065 fieret
355 4026 442 4080 super
464 4014 588 4079 terrain;
617 4027 683 4066 nam

98 4078 145 4148 qui
163 4078 296 4151 iutelligit
316 4080 482 4151 mysterium
505 4080 608 4137 divinae
623 4082 683 4138 dis·

96 4150 290 4220 pensationis,
314 4169 402 4222 quare
422 4153 512 4208 lactus
536 4154 683 4210 esthemo

97 4223 253 4290 cognoscit,
269 4223 337 4293 quia
353 4223 453 4280 merito
469 4226 551 4296 quasi
563 4240 684 4296 peccans

97 4291 312 4363 condemnetur,
333 4297 381 4368 qui
394 4296 533 4385 justitiam
555 4312 611 4352 non
639 4297 651 4352 l
668 4328 681 4340 -

734 435 772 493 cit
789 453 827 492 :r
847 436 911 492 haec
929 434 1167 506 cnrpsostomuc
1191 430 1310 512 Sicular-

733 513 791 565 tem
811 508 915 565 melius
934 512 983 564 est
1003 522 1103 579 opera
1130 503 1310 560 misericordia.

733 579 808 637 circa
822 579 962 648 animam,
979 594 1074 652 quam
1091 577 1172 634 circa
1186 575 1312 655 corpusin-

734 668 817 720 cere3
836 651 876 707 sic
890 651 974 723 pejus
990 655 1038 707 est
1059 666 1098 707 ea
1121 648 1200 705 circa
1214 662 1314 703 animan

735 739 820 795 quam
840 722 914 779 circa
940 737 1054 794 corpus
1081 719 1243 791 negligere.
1257 718 1315 774 tud

734 795 809 853 idem
826 796 1043 864 Ctrpsostomus
1060 813 1100 849 z«
1119 792 1149 850 Si
1166 793 1228 847 baec
1242 806 1316 860 corpo

735 865 834 923 raliter
847 864 1018 939 corporibus
1036 881 1100 921 non
1127 868 1265 943 praestare
1277 861 1317 916 in·

734 937 848 1012 pietatis
863 944 917 1008 est,
938 953 1004 1008 quae
1028 941 1063 993 et
1088 935 1122 1017 si·
1139 934 1319 1007 accipientes

735 1027 793 1068 non
820 1013 941 1082 possunt
964 1014 1076 1066 ‚tamen
1094 1023 1196 1064 virere
1220 1020 1320 1085 semper,

734 1087 816 1153 putas
829 1086 943 1152 quantae
954 1078 1124 1152 impietatis
1135 1083 1167 1135 et
1178 1079 1238 1134 baec
1246 1091 1321 1132 oman

734 1151 919 1225 spiritualiter
933 1151 1096 1209 animabus
1112 1146 1321 1224 periclitantibn

735 1241 792 1281 non
806 1224 982 1291 ministrare,
1018 1239 1069 1279 uae
1092 1225 1321 1301 poterantrnere

734 1295 766 1352 in
783 1303 933 1364 aeternum,
952 1294 977 1350 si
1030 1310 1076 1351 aec
1103 1296 1149 1350 eis
1180 1295 1320 1350 ministrata

735 1367 878 1424 luissent?
890 1369 1041 1435 Quantum
1062 1365 1149 1423 enirn
1173 1364 1321 1443 meliores

735 1438 831 1497 anima
855 1454 940 1510 quarn
967 1454 1093 1510 corpus,
1115 1444 1204 1493 tanto
1229 1448 1322 1506 grauns

736 1517 779 1568 est
793 1521 942 1592 peccatum
957 1508 1120 1566 animabus
1140 1507 1321 1565 laborantibus

737 1580 1113 1654 spiritualeseleemosynas
1125 1584 1321 1653 nonprastarc,

736 1669 822 1725 quam
837 1651 1006 1724 corporibus
1023 1651 1213 1723 corporales.
1232 1653 1260 1706 ln
1278 1651 1322 1704 Ec·

737 1724 823 1782 clesia
837 1740 905 1805 ergo
923 1740 983 1780 non
998 1724 1097 1780 solum
1114 1730 1186 1780 sunt
1201 1734 1323 1801 pauperes

737 1796 923 1868 corporaliter
950 1795 1130 1864 esurientes,
1159 1804 1211 1851 aut
1232 1792 1323 1849 debile

737 1866 1324 1939 corporaliter,autperegrinietcaptirise

737 1939 859 1995 cundum
880 1954 999 2011 corpus;
1017 1938 1069 1995 sed
1093 1938 1186 1994 etiarn
1209 1935 1324 2016 spiritua·

737 2011 804 2067 liter
816 2025 957 2082 pauperes
972 2009 1037 2066 sine
1054 2007 1123 2066 cibo
1135 2009 1265 2082 iustitia,
1275 2023 1323 2088 sne

737 2087 805 2155 potu
833 2080 986 2153 agnitionis
1009 2080 1092 2150 Dei,
1125 2097 1238 2137 necnon
1274 2093 1323 2134 sme

739 2152 906 2210 vestimento
943 2152 1059 2210 Christi.
1083 2151 1210 2209 Maxime
1243 2150 1324 2206 taliter

739 2240 882 2298 pauperes
894 2230 986 2292 sunt,
1009 2223 1059 2296 qui
1085 2223 1278 2292 corporaliter
1293 2220 1323 2275 ri·

740 2294 955 2353 denturdirites
967 2311 1042 2360 esse,
1054 2294 1198 2367 quoniam
1214 2294 1324 2367 plerum·

742 2384 796 2439 que
811 2367 841 2423 in
856 2366 1033 2424 abundantia
1052 2383 1156 2423 rerum
1176 2365 1272 2439 inopia
1286 2367 1324 2444 ju·

742 2438 827 2496 stitiae
856 2437 1009 2495 invenitur.
1036 2439 1113 2496 Sunt
1142 2436 1283 2509 peregrini
1301 2451 1323 2489 ro

707 2560 711 2567 .
741 2512 796 2568 boc
811 2510 927 2576 mundo,
939 2514 1005 2566 sunt
1020 2504 1136 2566 debiles
1149 2509 1258 2575 animo,
1268 2511 1323 2563 sunt

743 2586 840 2639 mente
854 2581 932 2650 caeci,
951 2583 981 2636 in
1000 2580 1172 2637 obedientia
1195 2579 1283 2645 surdi,
1301 2584 1323 2633 et

743 2651 1323 2734 ceterispassionibusspiritualibusegro

742 2731 846 2793 tentes,
861 2739 981 2796 quorum
993 2740 1099 2780 anrmae
1111 2740 1231 2781 omnem
1241 2737 1321 2780 escan

743 2798 919 2870 spiritualem
948 2795 1156 2853 abominantes
1182 2794 1321 2867 appropin-

743 2872 901 2940 quaverunt
926 2867 1076 2938 usquead
1105 2875 1209 2940 portas
1225 2865 1320 2923 mortis.

742 2939 794 3009 Qui
809 2955 877 3011 ergo
893 2956 950 2996 non
965 2940 1052 2996 habet
1063 2942 1144 2995 unde
1159 2939 1249 2996 iaciat
1261 2938 1321 2993 elee-

743 3008 1319 3083 mosynascorporales,laciatspirituales,

742 3100 775 3140 ex
791 3082 884 3154 gratia
898 3081 977 3140 verbi
996 3097 1082 3209 ripam
1100 3082 1215 3153 accepit
1231 3098 1248 3138 a
1265 3082 1319 3144 Deo,

742 3161 772 3210 et
786 3154 912 3210 inveniet
937 3153 1005 3209 retri
1028 3159 1161 3210 utronem
1177 3153 1319 3230 dignane

742 3227 864 3295 Christo,
885 3224 932 3297 qui
961 3223 1059 3281 omnia
1084 3231 1145 3281 tarn
1176 3222 1320 3297 corporalia

742 3313 827 3369 quam
848 3295 1007 3369 spiritualia
1034 3295 1114 3365 data,
1132 3296 1220 3368 quasi
1246 3295 1275 3352 in
1296 3308 1319 3348 se

741 3369 817 3425 iacta
831 3372 1046 3436 commemorat,
1064 3384 1131 3439 quae
1155 3384 1223 3425 cum
1237 3366 1319 3423 bomi-

740 3440 825 3497 nibus
840 3439 927 3508 ssuut3
955 3439 1015 3495 haec
1038 3438 1164 3496 diximus
1194 3445 1226 3496 ut
1244 3437 1321 3495 sciant

741 3510 1321 3593 ductoresquantumbeatitudinissibiac·

742 3583 866 3654 quirunt,
878 3598 901 3638 si
911 3581 1062 3653 diligentes
1072 3582 1183 3639 luerint
1191 3581 1264 3639 circa
1272 3595 1320 3635 rer

741 3656 809 3712 bum
826 3656 874 3711 uei
890 3655 1135 3722 annuntiandum,
1151 3660 1181 3710 et
1197 3659 1319 3726 quantum

741 3725 942 3793 damnationis,
954 3725 977 3781 si
989 3725 1097 3782 luerint
1108 3725 1297 3798 negligentes:
1308 3741 1319 3772 r

741 3799 803 3854 baec
816 3800 1032 3868 chrysostomus.
1052 3852 1059 3861 ,

780 3892 811 3926 ιο
826 3871 906 3927 Sicur
917 3882 1077 3925 narnrnurto
1090 3885 1137 3924 rra
1149 3887 1260 3927 nummo
1270 3882 1318 3924 mu

740 3957 862 3997 errans.
875 3945 952 3997 ²-1lt
965 3941 1044 3996 ibunt
1055 3940 1221 4007 itascilicet
1234 3955 1319 4012 repre·

740 4013 780 4080 bi,
797 4015 827 4068 in
841 4014 1009 4084 supplicium
1023 4015 1178 4075 aternum:
1196 4015 1270 4084 justi
1281 4027 1319 4066 cu·

741 4090 794 4139 tem
805 4087 836 4139 in
850 4088 937 4140 uitem
951 4090 1091 4139 aternum.
1109 4084 1192 4141 Unde
1209 4087 1318 4154 clepse-

740 4161 842 4210 stomus
856 4173 863 4211 :
878 4175 891 4207 c
903 4157 1022 4226 Propter
1033 4157 1086 4210 lroc
1100 4155 1202 4227 utique
1214 4163 1242 4213 et
1251 4155 1278 4211 bi
1284 4155 1319 4231 ju

741 4231 783 4283 ste
800 4226 956 4298 puniuntur
973 4232 1001 4282 et
1016 4226 1055 4282 illi
1074 4234 1261 4293 coronantur,
1276 4231 1318 4281 ets

740 4298 838 4359 decem
864 4296 953 4356 millia
974 4298 1049 4355 bona
1077 4297 1215 4368 iecerint,
1230 4295 1318 4370 graia
