2820 4928
85 335 130 391 aba

89 449 166 505 Deus
180 441 320 505 notitiam,
335 437 365 494 in
380 436 583 509 praedieatione
599 437 673 495 reri·

88 519 155 575 tatis
168 513 289 587 ;spargit
299 511 441 575 ririuiem,
451 508 477 563 in
487 509 615 580 exemplo
626 511 675 566 bo·

93 589 208 653 nitatis,
226 589 306 641 metti
328 599 396 651 ergo
410 580 456 636 nbi
480 598 577 636 sennen
595 581 676 653 Legis

92 663 134 717 vel
152 655 295 727 Evangelii
319 671 375 709 nou
393 652 676 721 ministrarit,rtrol·

91 732 152 803 ligii
177 728 223 786 ubi
244 727 377 783 bonitatis
392 725 520 795 exempla
535 742 562 779 m
581 724 674 782 Patri-

91 801 145 862 bus
161 803 270 858 l'eleris
284 801 327 854 rel
342 800 410 852 b'ovi
430 796 601 853 Testamenti
617 814 673 853 non

92 873 205 948 sparsit.
232 875 262 927 ln
282 868 408 942 praelatis
437 872 521 924 etiam
543 868 674 925 ecelesia

92 964 148 1003 non
169 944 262 1001 solnm
282 941 400 1025 requirit
418 942 494 996 bona
508 941 537 995 in
551 956 675 1012 persona

91 1017 217 1092 propria,
232 1015 283 1072 sed
300 1025 384 1070 etiam
400 1012 429 1067 in
444 1011 547 1078 aliena,
569 1013 674 1068 seilicet

93 1096 121 1147 in
137 1088 258 1146 subditis
276 1103 384 1154 eorum,
410 1083 476 1156 quia
491 1099 589 1139 eorum
611 1084 673 1139 osli-

91 1162 167 1219 eium
191 1158 320 1217 estalios
347 1165 374 1214 et
400 1155 520 1212 manime
547 1155 674 1227 subditos

94 1235 228 1290 inducere
245 1231 280 1287 ad
306 1232 422 1286 bouum.
438 1232 545 1284 Timetos
566 1227 673 1299 itaque,

92 1305 200 1362 scilieet
213 1303 329 1376 aggredi
352 1300 460 1357 altioris
476 1302 540 1355 vitm
558 1305 673 1371 statum,

91 1394 127 1433 ne
142 1377 201 1448 ipse
217 1375 388 1448 periclitaret
403 1388 533 1442 querens
554 1374 673 1428 salutem

91 1449 224 1515 aliorum,
251 1448 310 1500 obii
334 1451 359 1500 et
389 1445 519 1499 abscondi
543 1447 674 1499 talentum

91 1518 676 1584 tuuminterru,lrocestnousumususno·

94 1591 154 1647 litio
174 1588 243 1645 milii
264 1589 330 1643 data
349 1595 464 1658 propter
483 1596 606 1647 aeterna,
626 1586 676 1641 sed

92 1668 208 1734 propter
218 1667 343 1725 terrena3
355 1677 411 1712 ecee
419 1659 511 1724 trabea,
519 1659 674 1728 qztodtunm

93 1740 142 1788 est.
154 1734 236 1799 Quasi
254 1732 377 1785 diceret:
397 1729 507 1785 Suliirit
519 1729 598 1795 milri,
608 1729 675 1799 quia

92 1807 168 1861 tenni
184 1803 258 1874 quiid
276 1801 371 1869 habui,
388 1818 439 1857 nee
454 1801 515 1856 aliis
531 1800 674 1856 ministra-

93 1878 131 1934 ri.
149 1879 202 1931 lste
219 1874 304 1930 timor
321 1873 393 1929 servi
408 1873 479 1945 pigri
496 1890 550 1929 non
568 1881 609 1929 est
624 1873 676 1929 nisi

91 1947 311 2021 pusillanimitas
325 1948 397 2002 bene
407 1945 509 2019 agendi
536 1948 569 2001 ot
580 1950 674 2001 autem

92 2021 387 2089 diritobrpsostomos,
404 2025 454 2074 etsi
472 2018 609 2073 talentum
619 2035 675 2073 nou

92 2093 226 2165 perdidit,
242 2109 308 2147 reus
327 2098 423 2147 tamen
436 2096 478 2146 est
492 2089 602 2156 damni;
619 2089 675 2145 sic·

92 2170 123 2219 ut
142 2164 189 2234 oui
210 2180 295 2218 cansa
310 2161 468 2218 seminandi
485 2178 582 2216 semen
601 2163 674 2216 acei-

92 2235 173 2306 piens
191 2241 317 2304 l‹·mpot·e
340 2231 536 2287 seminationis
562 2249 618 2287 nou
634 2249 674 2287 se-

93 2305 254 2371 minaverit,
269 2303 440 2358 dominosuo
451 2304 586 2359 damnum
599 2304 673 2369 lecit,

93 2376 144 2433 elsi
175 2391 271 2431 semen
297 2391 353 2429 non
382 2374 513 2444 perdidit,
537 2382 674 2445 quantum

92 2454 203 2521 poterat
227 2448 336 2502 lucrum
356 2447 448 2501 lacere
464 2444 487 2500 si
515 2453 674 2517 opportuno

92 2528 219 2591 tempore
236 2517 414 2574 seminasset.
433 2521 608 2588 Respondeas
622 2537 674 2573 ou-

92 2598 145 2650 tem
152 2594 282 2647 Dominus
293 2591 362 2658 ejus,
372 2591 448 2644 dicit
458 2593 483 2644 ei
494 2610 502 2644 t
517 2593 608 2660 Serae,
619 2608 675 2646 mo·

95 2668 129 2732 le,
148 2669 265 2736 propter
288 2662 457 2718 calumniam
474 2672 603 2734 respectu
621 2665 674 2719 llo-

94 2738 174 2805 mini,
191 2743 216 2791 ei
228 2738 319 2806 piper,
338 2734 366 2789 in
382 2733 618 2805 multiplicatione
633 2752 674 2790 re·

94 2815 192 2880 speetu
206 2806 337 2879 proximi.
347 2808 451 2861 sciebas
464 2809 531 2875 quio
547 2813 615 2861 meio
627 2808 676 2862 abi

93 2898 147 2937 non
161 2882 273 2948 semino,
289 2878 379 2934 multa
392 2877 481 2950 magis
494 2877 541 2934 ubi
554 2878 674 2947 semino,

97 2959 123 3009 et
130 2969 261 3021 eonor-epo
275 2952 323 3006 ubi
335 2967 387 3005 noa
396 2953 496 3022 sparsi,
514 2952 602 3006 mulio
620 2967 677 3006 ma-

96 3024 140 3094 gis
164 3024 211 3080 ubi
236 3024 337 3095 sparsi.
366 3022 448 3089 Quasi
474 3021 601 3078 diceret:
623 3025 676 3078 Pro

96 3095 249 3151 omissione
274 3095 401 3151 veritalis
430 3099 458 3149 et
485 3093 621 3150 virtutum
634 3095 678 3165 ju-

96 3168 159 3223 dico
176 3168 236 3222 illos
252 3167 353 3237 qnilms
368 3182 424 3221 nim
439 3167 600 3236 predicari,
627 3183 678 3222 nee

97 3241 255 3310 exemplum
281 3237 415 3293 bonitatis
443 3239 593 3309 proposui3
611 3255 678 3308 ergo

95 3312 185 3367 mulio
203 3309 292 3378 magis
308 3316 345 3376 le,
358 3310 402 3363 eni
418 3312 556 3364 talentum
571 3310 678 3365 notitiae

96 3397 167 3436 meae
177 3381 212 3435 ad
228 3380 431 3450 negotiantium
442 3381 569 3436 commisi
583 3400 589 3449 ;
605 3382 679 3437 etsie

97 3458 289 3513 teaeeuso,cx
306 3457 395 3520 quote
411 3469 537 3507 excusas.
553 3454 680 3522 Oportuit

97 3540 159 3592 erpo
175 3529 200 3577 ie
214 3523 249 3576 ad
265 3528 344 3576 tuum
356 3522 497 3588 meritum,
509 3530 538 3577 et
552 3524 587 3577 ad
603 3525 679 3578 alio-

103 3612 167 3652 rum
182 3593 371 3659 commodum,
386 3598 528 3661 pecuniam
543 3612 640 3663 incarn,
652 3595 680 3650 id

101 3672 142 3725 est
156 3682 316 3724 sermonem
333 3665 374 3720 vel
394 3665 495 3735 legem,
509 3665 577 3722 dare
592 3674 680 3738 gratis

98 3742 133 3797 ad
155 3756 291 3807 mensam,
307 3737 335 3793 id
354 3744 395 3793 ost
419 3738 454 3793 ad
470 3737 588 3794 ati-..rum
606 3742 680 3796 rele-

101 3813 222 3869 ctionem
236 3812 386 3878 internam,
403 3817 429 3865 et
444 3815 608 3867 committere
630 3830 680 3868 na-

98 3888 237 3953 mubrriis,
248 3884 276 3939 id
292 3892 334 3940 est
346 3880 532 3949 auditoribus,
547 3885 594 3954 qui
607 3885 681 3955 quod

102 3958 220 4013 anutium
235 3963 399 4028 operantur,
415 3954 456 4010 vel
471 3954 566 4025 ponus
580 3957 682 4012 docere

98 4027 180 4094 alios,
197 4029 243 4098 qui
260 4036 357 4099 postea
376 4027 439 4084 aliis
462 4025 657 4083 ministrarent
673 4046 679 4097 ;

101 4105 126 4154 et
141 4104 250 4154 reatinis
276 4117 334 4169 epo,
353 4101 388 4156 ad
404 4099 610 4156 discutiendum
626 4115 682 4155 me-

101 4170 166 4239 rila,
181 4175 340 4243 recepissem
366 4174 439 4244 pirod
454 4189 541 4228 rammi
568 4170 682 4228 estotim

102 4259 198 4306 tisino,
215 4244 300 4299 idest
322 4250 348 4299 te
366 4248 462 4316 utique
476 4251 504 4302 et
523 4245 600 4318 ipsos
611 4260 682 4316 quos

103 4313 173 4374 milii
194 4314 420 4389 acquisit-isses:
450 4318 511 4376 haee
539 4317 614 4376 euim
642 4320 685 4374 esi

425 324 582 380 SECUNDAE
610 325 727 380 enims
756 326 860 382 GlPUl
887 321 979 378 xiix

732 454 819 495 usura
832 434 1002 510 spiritualis,
1020 434 1137 492 seilicet
1149 434 1255 493 lucrum
1265 438 1310 495 ani·

704 520 707 563 t
733 526 854 577 marum,
871 525 935 580 quae
951 507 1080 564 maxime
1098 507 1194 578 placet
1210 511 1270 565 Deo.

704 610 706 631 t
770 588 784 637 5
800 585 946 637 'laeenreu
959 597 996 636 aa
1011 598 1046 634 eo
1056 597 1214 636 aureuma.
1227 613 1256 623 -
1267 584 1313 637 Tol·

704 680 707 720 t
733 655 781 709 lite
795 657 889 724 itaque
902 653 937 707 ab
954 669 985 707 eo
998 653 1155 719 talentum,
1173 652 1202 707 id
1213 658 1254 708 esi
1273 654 1313 708 dn·

732 741 801 782 num
815 725 867 781 sibi
884 723 1034 786 traditum.
1063 723 1180 779 scilieet
1195 725 1315 781 naturalis

732 797 838 867 ingenii
855 796 897 852 vel
915 795 1027 851 notitiae
1042 813 1050 863 ;
1065 801 1098 851 ei
1118 795 1246 866 loquitur
1263 813 1315 868 per·

705 871 707 883 '
732 868 855 929 mlasire.
876 869 943 939 qnia
972 867 1119 923 Dominus
1149 867 1255 923 auferri
1268 885 1317 938 prr·

704 932 707 977 l
732 940 817 997 mittit
841 938 1078 1011 intelligentiam,
1105 939 1152 995 vel
1175 955 1229 1010 per
1253 942 1317 1007 ntia,

704 996 707 1057 l
731 1013 775 1068 rel
801 1028 852 1084 per
865 1011 1025 1078 demones,
1044 1011 1169 1082 quando
1191 1012 1274 1066 homo
1286 1012 1318 1068 io·

704 1064 707 1129 l
731 1084 856 1140 laioatur
871 1084 899 1139 in
924 1081 1060 1153 eligendo
1078 1081 1204 1150 malum,
1220 1083 1262 1138 rel
1286 1083 1317 1139 in

732 1156 856 1212 saluatur
884 1160 1002 1226 propter
1036 1153 1175 1210 scientiae
1202 1154 1317 1223 abusum,

731 1227 775 1283 vel
790 1243 846 1283 non
860 1226 961 1298 recipit
984 1226 1169 1296 mercedem,
1195 1226 1245 1282 sed
1271 1243 1318 1299 pe

731 1315 809 1366 nam,
821 1299 886 1369 quia
899 1298 975 1354 bona
992 1296 1138 1353 divinitus
1154 1298 1259 1355 collata
1273 1315 1317 1354 non

732 1372 834 1426 cedent
851 1369 924 1425 male
944 1369 1140 1441 operantibus
1155 1372 1203 1426 rel
1223 1370 1317 1438 otiosis,

732 1444 767 1499 ad
781 1442 910 1514 gloriam,
939 1443 989 1497 sed
1016 1441 1115 1513 magis
1132 1443 1172 1498 ad
1191 1443 1319 1498 conlusio·

732 1531 797 1570 nem
813 1533 821 1584 ;
838 1520 862 1569 et
881 1514 945 1568 dole
969 1516 995 1568 ei
1011 1517 1065 1582 qni
1081 1515 1169 1568 dubet
1184 1515 1272 1569 decem
1285 1522 1316 1568 te·

734 1590 817 1654 lento,
834 1587 900 1657 qnia
913 1585 1064 1640 damnatio
1078 1589 1271 1657 reproborum
1283 1603 1315 1642 re·

734 1660 781 1714 det
795 1659 831 1714 ad
847 1657 967 1727 gloriam
978 1657 1157 1727 electorum,
1174 1659 1314 1714 secundnm

732 1731 800 1785 illud
830 1729 932 1785 Psalmi
950 1747 956 1783 :
974 1730 1134 1785 Laetabitur
1160 1732 1256 1799 jasius
1268 1747 1316 1785 cum

733 1804 834 1856 obierit
848 1803 1009 1857 rindieiam.
1025 1803 1066 1856 Ei
1081 1818 1139 1873 quo
1153 1809 1242 1873 patet.
1254 1801 1315 1873 quod

734 1891 790 1930 non
805 1872 943 1945 permittit
958 1875 1034 1928 [leus
1051 1873 1117 1929 sieri
1139 1874 1258 1941 malum,
1273 1872 1316 1928 nisi

733 1945 799 2001 inde
813 1946 917 2001 efficiat
936 1944 1054 2025 aliquod
1088 1946 1202 2001 bonum
1217 1969 1224 2009 ;
1241 1947 1316 2017 jussit

733 2025 827 2074 autem
837 2018 998 2089 potiusdnri
1013 2016 1057 2071 illi
1070 2016 1120 2087 qni
1140 2018 1263 2074 habebat
1277 2018 1316 2072 de

733 2107 804 2157 cem,
821 2106 906 2159 quam
922 2088 962 2143 illi
979 2091 1025 2159 qui
1048 2090 1179 2146 habebat
1195 2098 1314 2162 quatuor,

733 2162 799 2232 quia
815 2160 906 2217 minus
918 2160 1017 2215 habuit
1036 2160 1086 2232 qui
1104 2166 1234 2232 quinque
1248 2177 1316 2216 acre-

733 2239 811 2303 perat
828 2249 912 2303 quam
938 2234 985 2302 oui
1006 2232 1085 2299 duo;
1120 2250 1173 2304 por
1200 2233 1314 2304 quinque

733 2303 1313 2375 enimsignilicaturexteriorumsrieutia,

733 2380 887 2432 seeundum
908 2375 1034 2446 quinque
1064 2393 1188 2444 seusns;
1204 2377 1252 2432 sed
1270 2392 1314 2447 per

733 2450 799 2515 dno,
826 2447 953 2518 operatio
978 2447 1138 2504 voluntatis
1165 2455 1194 2503 et
1213 2448 1312 2504 intelle·

733 2525 804 2588 etos,
817 2520 941 2591 oportuit
954 2535 1020 2589 ergo
1037 2519 1078 2574 illi
1094 2520 1145 2591 qui
1162 2522 1259 2577 babuit
1273 2537 1314 2575 er·

732 2591 868 2647 leriorum
888 2591 1035 2646 scientiam
1052 2596 1079 2647 el
1097 2590 1313 2648 administratio

732 2680 809 2732 nem,
826 2662 887 2718 dari
903 2670 930 2719 et
946 2662 1124 2719 intellectum
1139 2664 1312 2735 interiorum,

732 2738 779 2808 qni
794 2752 844 2806 per
871 2752 957 2791 unum
975 2734 1148 2807 intelligitur
1175 2736 1312 2793 talentum.

733 2809 814 2864 [lirini
837 2811 908 2862 enim
925 2808 1045 2874 lurbenii,
1065 2812 1093 2863 el
1121 2808 1197 2865 bene
1222 2806 1313 2875 urenti,

733 2881 846 2934 dabitur
860 2879 1068 2949 incrementum
1088 2880 1155 2950 ejus
1173 2881 1249 2951 quod
1265 2881 1313 2936 ha-

734 2952 791 3019 bet,
808 2957 833 3005 et
848 2952 1018 3005 abniidorii:
1040 2951 1161 3007 habenti
1179 2950 1256 3008 enim
1270 2952 1315 3007 sol

734 3023 909 3079 licitudinem
924 3022 1105 3078 ministrandi
1122 3025 1245 3081 verbum
1262 3024 1313 3089 liei,

735 3094 848 3151 dabitur
870 3095 971 3165 gratia,
989 3102 1017 3150 et
1031 3095 1194 3151 abundabit
1212 3096 1241 3151 in
1260 3095 1314 3152 elli·

736 3166 795 3222 rad
819 3166 965 3233 doctrina,
983 3165 1062 3233 item,
1088 3167 1211 3224 habenti
1227 3167 1314 3223 carita·

736 3244 804 3306 tem,
833 3239 946 3293 dabitur
972 3245 1159 3301 augmentum
1185 3238 1312 3307 raritatis,

737 3318 764 3367 et
784 3310 941 3366 abundabit
952 3326 1039 3379 usone
1051 3310 1086 3364 ad
1099 3312 1314 3381 perlectionem

737 3382 815 3447 item,
833 3381 948 3438 babenti
964 3381 1108 3450 meritam,
1122 3383 1241 3439 dabitur
1255 3400 1315 3456 pire

737 3455 838 3523 mium,
856 3463 884 3510 et
895 3452 1058 3518 abundabit,
1077 3454 1147 3524 quia
1163 3472 1316 3513 remunera·

737 3527 814 3582 bitur
837 3543 924 3608 supra
946 3525 1131 3596 condignum.
1153 3531 1280 3600 Augetur
1290 3544 1315 3583 e·

739 3598 794 3652 nim
812 3606 903 3668 gratia
917 3598 941 3653 ei
958 3614 1003 3668 qni
1016 3598 1130 3654 laborat
1156 3598 1243 3664 inea,
1257 3615 1314 3656 nam

737 3671 896 3726 laborando
915 3676 1039 3726 ureretur
1053 3671 1166 3740 attigeri,
1193 3680 1223 3728 et
1241 3673 1265 3728 ei
1278 3671 1317 3743 qni

739 3742 878 3812 reperitur
895 3742 922 3798 in
938 3742 1039 3813 gratia,
1060 3741 1177 3798 dabitur
1192 3745 1282 3815 gloria
1295 3749 1318 3799 et

738 3813 905 3881 abundabit,
922 3831 977 3869 non
992 3814 1081 3869 solum
1098 3813 1134 3869 de
1151 3832 1205 3872 sua
1221 3816 1319 3873 etalio·

739 3901 800 3940 rum
817 3885 1036 3955 gloriliratione,
1056 3885 1103 3940 sod
1120 3886 1211 3944 etiam
1226 3890 1260 3945 de
1274 3891 1319 3944 im·

736 3957 860 4029 pleiione
874 3957 992 4029 justitiae
1020 3957 1046 4012 in
1063 3958 1207 4015 malornm
1235 3972 1324 4033 repro·

739 4029 863 4086 batione.
882 4032 917 4085 Ei
929 4035 1019 4084 utitem
1033 4033 1147 4101 quirion
1159 4034 1253 4101 babet,
1269 4041 1320 4087 stu·

739 4101 816 4157 dium
838 4101 881 4156 rel
907 4102 1064 4170 raritatem,
1091 4107 1119 4158 et
1142 4098 1323 4161 bonurndoui

740 4172 833 4229 collati
849 4190 943 4242 usum,
960 4180 984 4230 et
1005 4175 1077 4244 quod
1090 4175 1203 4231 addetur
1217 4178 1322 4239 dobere,

740 4245 861 4303 naturali
871 4245 985 4317 ingenio
994 4245 1037 4302 vel
1048 4246 1142 4303 studio
1152 4247 1321 4313 litterarum,

741 4334 773 4374 ae
800 4318 908 4375 donum
935 4318 989 4376 sibi
1009 4318 1155 4394 collatum,
1183 4325 1325 4393 abluetur
