2820 4928
85 357 129 410 ltu
399 357 557 413 SECUNDAE
584 359 702 414 rturts
730 357 834 412 utrut
860 354 962 411 llllilll

85 485 100 518 a
115 464 309 522 Descendente
318 461 403 518 otiam
415 462 535 519 Domino
548 464 582 520 de
595 480 674 522 mon-

85 540 113 593 te
124 537 278 601 Olirarnm,
290 536 380 590 turbae
397 535 585 604 descendunt,
595 537 672 608 quia,

86 608 235 665 humiliato
252 605 453 662 misericordiae
473 608 605 675 Auctore,
622 624 672 664 ne-

85 696 163 736 ees-e
186 684 229 734 est
247 693 305 742 eos,
318 677 366 748 qui
387 677 582 736 misericordia
597 680 673 737 indi·

85 756 163 823 gent,
178 749 240 819 ejus
257 748 377 820 vestigia
392 748 508 806 imitari.
524 770 538 802 n

123 843 137 877 a
151 821 219 888 Qum
238 838 385 878 smmrrcnr
400 839 452 878 vox
473 824 626 880 ttosmmt
639 853 675 865 —

88 894 157 951 Cum
183 897 276 949 antem
295 894 386 950 turbae
408 892 554 950 obviantes
575 911 674 966 perve-

86 964 196 1021 nissent
209 965 244 1021 ad
260 964 413 1033 Christum,
429 966 503 1021 lacta
517 965 570 1022 sibi
593 982 675 1022 reve-

86 1035 189 1105 rentia,
213 1042 430 1108 praecesserunt,
450 1036 513 1093 aliis
530 1037 674 1107 sementi-

88 1108 142 1165 bus
162 1107 271 1181 ipsum3
292 1117 320 1166 et
343 1108 383 1164 sic
408 1118 470 1165 erat
496 1108 622 1166 Christus
645 1108 674 1164 in

88 1179 183 1237 medio
200 1197 309 1237 eorum.
325 1180 403 1237 Unde
416 1179 562 1252 sequitur:
581 1181 676 1237 Turba

89 1260 180 1308 autem
196 1269 257 1323 qua
267 1254 466 1325 praecedebant,
475 1257 499 1308 et
510 1270 570 1323 quae
584 1268 677 1323 seque-

89 1324 190 1380 bantur
204 1326 372 1380 otomnbont.
388 1325 507 1379 dieentes
523 1343 531 1378 :
547 1327 677 1379 Hosunna

88 1398 147 1467 pllio
160 1397 259 1460 David,
271 1396 345 1467 quod
354 1400 397 1451 est
411 1411 462 1451 vox
477 1394 675 1452 exsultantium

88 1467 196 1539 pariter
209 1475 237 1523 et
253 1466 440 1533 laudantium,
457 1466 499 1521 vel
524 1467 676 1522 obsecran-

89 1538 171 1606 tium,
186 1537 276 1608 magis
290 1538 421 1593 allectum
438 1536 577 1603 indicans,
592 1553 676 1608 quam

89 1609 212 1678 aliquam
229 1624 289 1663 rem
308 1606 483 1678 significans,
504 1607 577 1663 sicut
592 1611 678 1663 ructio

90 1678 249 1750 interjectio
274 1677 447 1748 indignanti«¹
467 1677 580 1743 dicitur,
608 1678 676 1735 nibil

89 1765 221 1822 expresse
236 1749 400 1815 designans.
416 1749 505 1816 Unde,
520 1750 676 1805 secundum

89 1838 199 1888 vocem,
218 1837 308 1904 neque
323 1821 548 1892 Gracusmeque
564 1821 678 1878 latinus

90 1892 270 1966 interpretari
299 1893 409 1966 potuit;
436 1892 497 1960 sed,
521 1894 676 1949 secundum

91 1982 216 2023 sensum.
229 1964 452 2037 interpretantur
464 1963 578 2036 quidem
594 1968 678 2021 sotii·

90 2042 154 2110 peu,
166 2038 220 2105 vel,
231 2040 338 2094 saluum
351 2053 392 2092 me
405 2039 462 2105 sao.
479 2039 512 2093 Et
524 2041 567 2093 est
582 2038 679 2092 bosun·

90 2128 127 2166 rio
142 2111 259 2166 verbum
276 2112 436 2176 Hebraeum,
452 2125 484 2164 ex
504 2115 637 2178 corrupto
651 2113 678 2163 at

94 2180 205 2250 integro
236 2180 434 2250 compositum.
465 2178 572 2235 Dicitur
603 2179 678 2235 enim

93 2254 231 2318 icositano,
260 2251 353 2305 littera
380 2254 391 2303 i
416 2251 569 2313 subtracta,
598 2249 679 2321 quasi

94 2324 229 2378 bostanno
243 2339 251 2374 ε
265 2322 326 2375 bosi
339 2335 408 2389 ergo
417 2327 592 2390 corruptum,
606 2338 680 2375 nunu

92 2397 136 2449 est
156 2391 313 2462 integrum;
334 2393 394 2445 bosi
412 2397 505 2446 autcm
531 2391 606 2461 apud
630 2408 680 2448 eos

93 2463 400 2534 interpretamentum
416 2461 458 2517 vel
474 2463 608 2526 solution,
624 2464 679 2531 vel,

92 2536 201 2591 solcum
217 2537 279 2600 suec
306 2538 334 2589 et
358 2550 432 2589 uana
458 2538 500 2589 est
522 2532 680 2661 lnteqcctio

93 2605 359 2673 obsecrantis,sicut
369 2605 444 2677 apud
457 2621 509 2660 nos
520 2608 569 2660 beu
605 2607 681 2662 oleu-

94 2678 130 2735 tis
142 2696 148 2734 :
162 2694 227 2735 nani
244 2679 318 2734 sicut
332 2677 407 2748 apud
421 2693 471 2732 uos
486 2693 503 2732 a
517 2678 628 2733 dolante.
641 2677 681 2733 di·

93 2749 167 2806 citur
181 2753 243 2814 beu,
260 2748 300 2804 sio
313 2748 386 2819 apud
400 2747 462 2804 illos
478 2749 514 2803 ab
529 2748 680 2805 obsecran-

92 2828 121 2878 te
132 2821 236 2878 dicitur
248 2837 332 2890 anna,
347 2825 374 2876 et
384 2820 458 2875 valet
471 2821 544 2892 apud
559 2837 609 2876 nos
622 2824 680 2876 uti-

91 2911 167 2957 num,
192 2893 267 2964 quod
295 2899 337 2949 cst
363 2890 528 2949 adverbium
551 2892 679 2964 optandi.

94 2967 128 3022 Et
146 2965 210 3023 ideo
224 2968 346 3021 bosnnno
364 2959 473 3020 lantum
490 2963 575 3032 valet,
592 2981 680 3035 qnan-

93 3042 153 3093 tum
185 3041 292 3094 utiuam
313 3038 461 3104 solvemur,
479 3035 533 3104 rel,
562 3037 680 3099 obsecro,

93 3111 183 3166 carcaa.
201 3112 243 3179 ut,
258 3108 324 3179 quia
339 3110 399 3164 baeo
414 3107 572 3179 interjectio
588 3107 617 3163 in
632 3109 682 3163 La-

94 3180 153 3237 tino
169 3197 226 3236 non
245 3181 367 3236 habetur
379 3178 504 3250 eloquio,
520 3179 614 3251 posuit
630 3194 680 3251 pro

94 3267 128 3308 ea
140 3258 237 3307 noster
256 3250 453 3321 Hieronymus,
468 3251 584 3306 obsecro.
603 3249 681 3306 Unde

95 3328 123 3378 at
137 3321 166 3376 in
187 3321 316 3387 Psalmis,
330 3321 376 3376 ubi
389 3322 572 3391 Septuaginta
590 3322 679 3377 luter-

93 3396 187 3464 pretes
204 3391 409 3447 transtulerunt
424 3408 431 3445 :
446 3391 468 3446 0
486 3395 608 3460 Domine,
624 3394 680 3447 sot-

94 3479 158 3518 rum
168 3479 210 3517 me
222 3460 316 3529 suain
333 3461 451 3517 ltebraeo
467 3460 603 3532 scriptum
618 3468 678 3519 est:

94 3536 188 3601 Auno,
206 3533 327 3597 Adonai,
342 3533 486 3598 bostanno,
503 3532 577 3602 quod
593 3540 680 3590 mter-

729 463 806 522 enim
823 464 913 531 seluo,
925 462 986 520 sive
997 462 1142 534 saluifica,
1154 462 1315 545 clamabant,

729 536 826 607 utique
843 535 1022 593 Salvatorem
1034 535 1210 592 credebant.

764 613 780 663 5
797 608 876 677 Quin,
889 624 1056 664 aruspicans
1079 609 1143 663 Rex
1157 608 1277 664 lsuaant
1287 638 1315 651 -

728 680 808 737 Unde
821 685 849 736 et
865 679 1061 736 convertendo
1079 694 1249 736 sermonem
1256 678 1317 737 inter

730 767 771 821 se,
784 752 970 823 subinnuunt,
981 749 1117 807 dicentes
1129 768 1137 806 ε
1151 752 1317 815 Benedictus,

731 822 760 879 id
779 832 823 879 est
843 821 984 894 gloriosus
1009 820 1058 892 sit,
1084 821 1143 891 vel,
1171 822 1320 880 secundun

731 895 843 962 bedam,
864 894 1032 957 benedictus,
1056 892 1089 951 id
1116 898 1164 951 est
1192 895 1231 952 ab
1254 893 1320 951 omni

730 972 845 1038 peceato
861 965 1047 1036 singulariter
1063 964 1225 1033 immunis,
1240 972 1269 1022 et
1282 965 1323 1022 im·

731 1053 832 1094 marnes
856 1036 973 1105 taciens,
1014 1039 1152 1106 uiuenti,
1169 1053 1227 1110 per
1239 1037 1323 1094 carnis

730 1107 965 1180 assumptionem,
985 1056 1012 1165 ig
1025 1114 1073 1164 est
1089 1111 1266 1167 incarnatus
1277 1115 1322 1178 est,

729 1183 759 1235 tn
782 1183 890 1235 nomine
905 1183 1025 1245 Domini,
1041 1179 1160 1237 scilicet
1174 1180 1323 1238 innomine

732 1251 823 1308 Patris
840 1255 868 1307 et
882 1267 899 1307 a
918 1252 977 1308 Deo
997 1253 1087 1308 Patre
1103 1252 1220 1310 missus
1233 1253 1270 1311 ad
1283 1269 1321 1309 ex·

731 1323 864 1394 piendum
879 1323 941 1394 ejus
955 1322 1153 1391 voluntatem,
1172 1330 1204 1381 et
1220 1324 1258 1382 ad
1272 1323 1325 1398 glo·

733 1394 902 1477 rideandum
918 1411 994 1462 eum,
1015 1393 1088 1477 quia
1107 1395 1207 1453 Filius
1229 1412 1286 1453 non
1302 1398 1325 1452 in

732 1481 847 1522 nomme
876 1481 939 1533 suo,
961 1465 1011 1522 sed
1029 1482 1061 1522 rn
1093 1466 1223 1526 nomine
1244 1467 1325 1524 Patris

732 1538 820 1604 venit,
836 1552 901 1593 eum
916 1536 1121 1609 glorificando,
1143 1547 1178 1596 et
1196 1541 1228 1597 in
1242 1538 1325 1596 omui·

734 1610 785 1665 bus
807 1607 943 1680 operibus
959 1624 1016 1665 non
1042 1625 1144 1680 suam,
1169 1611 1225 1668 sed
1244 1610 1325 1668 Patris

732 1679 852 1764 gloriam
868 1680 1040 1751 quaerend03
1058 1681 1142 1738 unde
1154 1682 1231 1739 alibi
1245 1701 1252 1738 :
1264 1686 1324 1751 Euo,

732 1751 833 1822 inqiut,
849 1755 911 1806 ueui
930 1754 960 1807 in
980 1754 1093 1807 nomine
1105 1756 1222 1811 Putris.
1237 1757 1268 1811 ln
1279 1756 1325 1811 bot:

732 1839 800 1893 ergo
809 1822 979 1879 confitentur
989 1823 1151 1881 etlaudant
1162 1825 1324 1884 Dominiad·

732 1899 847 1950 ventum
866 1912 873 1949 z
891 1893 1050 1951 benedictio
1068 1911 1202 1968 namque
1223 1914 1284 1971 quae
1298 1897 1326 1953 ut

732 1982 749 2022 a
769 1965 852 2022 nobis
866 1964 896 2022 in
916 1967 972 2022 Deo
988 1966 1134 2024 consessio
1157 1968 1223 2026 sola
1237 1975 1290 2037 est,
1301 1972 1326 2025 et

735 2036 858 2094 laudatio
874 2038 1025 2101 bonorum,
1037 2054 1103 2110 quae
1118 2040 1259 2112 praestita
1268 2046 1325 2097 sunt

734 2111 769 2166 ab
784 2125 833 2176 eo;
851 2107 1009 2165 benedictio
1020 2124 1091 2166 vero
1101 2126 1174 2182 quae
1191 2112 1249 2169 trta
1261 2114 1322 2177 uno.

734 2180 763 2235 in
780 2179 862 2236 nobis
887 2179 1028 2249 impletur.
1046 2181 1118 2237 dnm
1140 2184 1209 2255 ejus
1223 2184 1321 2241 benefi-

734 2250 785 2307 ciis
810 2250 971 2324 implemur.
999 2250 1050 2308 Ubi
1072 2252 1232 2312 sciendum
1274 2253 1319 2313 uod

735 2321 913 2390 benedicere,
929 2328 972 2378 est
987 2323 1094 2380 bonum
1113 2324 1227 2383 dicere.
1242 2330 1264 2384 tt
1277 2326 1320 2381 'ur

735 2400 830 2450 autem
854 2395 928 2451 Deus
946 2394 1088 2451 benedicit
1108 2398 1216 2466 nob1s;
1234 2403 1264 2454 et
1275 2396 1320 2454 ali·

735 2470 779 2521 ter
793 2481 845 2521 nos
859 2464 1052 2521 benedicimus
1068 2468 1139 2523 Deo.
1159 2470 1237 2527 Deus
1252 2469 1319 2526 enin

737 2535 930 2593 benedicendo
940 2536 1033 2603 nobis,
1046 2538 1229 2598 beneficium
1247 2538 1320 2598 nobis

735 2606 884 2680 impendit,
913 2612 941 2663 et
959 2610 1049 2665 bonos
1070 2626 1124 2666 nos
1152 2612 1233 2671 tacit.
1261 2627 1318 2670 natu

735 2696 818 2735 snum
834 2679 940 2748 dicere,
958 2685 1002 2736 est
1020 2680 1083 2752 ejus
1098 2682 1209 2750 lacere,
1232 2684 1317 2758 quia:

734 2754 795 2822 lpse
814 2751 891 2806 aiau
915 2757 942 2806 et
956 2753 1034 2818 saeta
1050 2759 1127 2810 attat.
1153 2757 1213 2812 Nos
1232 2762 1319 2814 autem

736 2821 930 2879 benedicendo
955 2825 1023 2891 Deo,
1050 2840 1106 2880 non
1131 2842 1199 2883 eum
1222 2829 1320 2885 bonum

736 2893 864 2964 iacimus,
881 2894 930 2950 sed
949 2895 1148 2954 tautummodo
1164 2901 1231 2970 ejus
1244 2897 1321 2957 boni·

736 2966 1218 3039 tatemcousrtemnretlaudamus;
1233 2971 1321 3027 dicero

736 3036 812 3092 enim
829 3037 962 3106 bominis,
981 3045 1099 3095 nonest
1117 3056 1203 3098 suum
1224 3044 1322 3107 tacere,

736 3107 785 3164 sed
808 3113 918 3165 tantum
938 3107 1029 3164 lateri.
1055 3112 1089 3165 Et
1111 3111 1253 3171 addunt:
1270 3117 1323 3171 lter

735 3182 832 3249 lsrael,
848 3179 946 3251 inquo
961 3180 1135 3238 conlitentur
1148 3185 1214 3256 eius
1229 3192 1322 3257 poten·

736 3250 816 3320 tiam,
840 3260 936 3308 tamen
959 3250 1108 3320 diminute,
1133 3256 1204 3326 quia
1230 3257 1323 3315 crede·

736 3323 804 3379 bant
819 3322 911 3393 ipsum
923 3328 1106 3393 regnaturum
1116 3329 1322 3400 temporaliter,

735 3401 764 3450 et
791 3394 1047 3452 liberaturumeos
1072 3411 1091 3452 a
1114 3397 1248 3465 tributo:
1267 3400 1321 3473 ipse

734 3472 828 3546 autem
849 3466 926 3523 venit
942 3466 978 3521 ad
992 3467 1173 3539 regnandum
1189 3471 1319 3544 spiritua·

735 3536 809 3606 litor,
825 3542 854 3594 et
868 3538 904 3594 ad
927 3537 1108 3596 liberandum
1123 3545 1218 3599 totum
1232 3558 1318 3616 genua

96 3621 162 3679 pres
187 3612 284 3660 noster
313 3602 499 3673 Hieronymus
518 3602 680 3675 diligentius
734 3608 889 3666 humanum
907 3625 924 3665 a
940 3609 1064 3675 diabolo,
1086 3613 1164 3683 quod
1183 3621 1249 3672 erat
1268 3630 1318 3671 mt-

93 3675 251 3744 etucidaus,
269 3677 308 3731 ita
324 3673 422 3731 latine
441 3676 585 3732 transtulit
602 3679 664 3734 :Ob
731 3680 777 3751 ius
798 3679 857 3737 illo.
876 3681 918 3737 Ad
943 3680 1064 3738 litteram
1081 3698 1151 3755 ergo
1167 3688 1318 3745 eredebant

95 3766 179 3809 seero.
198 3750 321 3807 Borrine,
351 3748 440 3814 anton,
465 3748 582 3804 obsecro.
606 3749 680 3805 tdcm
734 3751 810 3821 qnod
826 3752 947 3808 venisset
964 3758 1137 3825 regnaturus
1155 3757 1316 3831 temporali·

94 3837 218 3905 namque
231 3818 336 3902 signat,
350 3836 374 3877 o.
391 3822 512 3902 Domine,
525 3836 576 3902 per
589 3820 681 3894 ipsam
733 3827 778 3877 ter
790 3838 876 3894 snper
889 3839 938 3879 eos
948 3823 977 3879 in
993 3841 1081 3897 regno
1097 3826 1197 3897 David,
1214 3835 1244 3886 et
1259 3829 1316 3887 red·

95 3893 325 3966 interjectione-m
348 3890 564 3961 obsecrationis,
594 3893 678 3965 quod.
734 3900 882 3966 empturus
894 3895 972 3966 ipsos
992 3913 1010 3953 a
1033 3902 1316 3958 servitutcttomane

92 3967 210 4034 obsecro,
233 3966 368 4090 tiouu'uegi
381 3978 432 4033 per
451 3960 542 4032 ipsum
562 3966 680 4021 verbum
733 3981 806 4035 rum,
821 3971 849 4021 et
860 3966 1012 4025 restituere
1028 3984 1147 4039 regnum
1162 3973 1315 4046 temporale

92 4034 340 4094 obsecrationisld
374 4048 443 4104 ergo
455 4035 678 4106 bosouno,quasi
733 4038 808 4107 quod
824 4052 841 4093 a
855 4038 990 4095 Romanis
1008 4045 1262 4115 eratusurpatum,
1275 4060 1314 4101 eu-

91 4111 238 4176 bosionnn,
254 4107 282 4164 id
297 4113 341 4164 est
354 4108 444 4173 solva,
460 4107 568 4161 obsecro
580 4124 586 4174 ;
599 4113 679 4163 etest
745 4125 777 4165 us
797 4109 970 4165 contrarium
990 4109 1050 4183 ipse
1070 4111 1140 4169 dixit
1160 4131 1259 4173 coram
1273 4114 1313 4172 Pi·

91 4196 148 4236 una
174 4180 271 4247 dictio,
288 4179 332 4235 vcl
352 4178 415 4236 duae
442 4191 493 4248 por
508 4178 677 4234 subtractio·
729 4124 789 4236 fato
814 4197 821 4235 ι
845 4183 968 4249 Repnum
983 4199 1072 4239 meum
1091 4192 1201 4243 nonest
1222 4190 1256 4243 de
1271 4189 1314 4243 boe

89 4267 154 4308 nern
173 4251 256 4308 nnius
272 4251 384 4310 litterae.
402 4255 429 4306 ot
444 4247 586 4321 significat
602 4250 677 4321 quod
731 4252 841 4314 milirdo.
856 4253 917 4319 sed,
935 4254 1044 4326 supple.
1056 4256 1091 4312 de
1104 4258 1194 4327 coelo;
1209 4266 1238 4317 et
1255 4258 1312 4315 ideo

92 4322 231 4379 adventus
243 4322 345 4379 Christi
360 4323 437 4379 salus
451 4320 487 4379 sit
501 4321 617 4391 mundi;
631 4321 675 4378 cui
732 4323 944 4396 applaudebant
962 4326 987 4382 el
1003 4331 1150 4400 tamquam
1165 4346 1218 4390 suo
1236 4328 1311 4403 uoci,
