2820 4928
100 260 144 315 tat
448 258 607 312 secutura
635 258 752 312 ratris·
779 255 884 309 utrttr
912 256 986 310 ltlll

741 369 923 495 peccatorum
948 366 976 420 ct
1003 362 1091 421 malae
1117 366 1325 426 consuetudinis

100 364 222 440 exigitur
235 369 266 427 in
283 368 487 444 justificatione
502 365 594 441 impii,
606 367 683 441 quia,

100 441 256 499 secundum
281 444 491 511 Aaoustinum,
519 440 611 513 major
640 446 686 496 est

97 512 263 586 justificatio
283 514 372 588 impii,
389 530 475 587 quam
499 511 606 571 creatio
621 510 685 569 coeli

102 589 129 641 et
138 592 232 645 terrae.
249 589 322 645 Voce
335 587 410 644 enim
424 602 528 658 magna
542 584 683 656 clamarit,

100 658 168 731 quia
178 657 293 717 difficile
304 658 394 733 surgit
402 676 487 745 quern
503 658 591 716 moles
604 658 686 715 mata

100 730 312 789 consuetudinis
337 730 473 805 opprimit
488 749 496 802 ς
512 730 563 787 sed
589 736 685 787 tamen

99 807 166 877 post
188 818 321 876 magnam
348 821 448 863 rocem
466 802 566 875 surgit,
592 801 622 859 id
644 809 686 860 est

99 888 154 949 per
169 890 302 1005 maffnam
323 875 374 934 Dei
391 872 686 957 gratiamlviritlcatur

100 949 130 1004 ct
145 946 215 1019 iusti
228 956 329 1021 icatur,
354 949 423 1006 dum
450 950 576 1023 poenrtet.
596 948 686 1004 Datur

100 1016 186 1077 etiam
200 1037 250 1093 per
260 1023 314 1078 hoc
326 1020 457 1094 intelligi,
469 1020 545 1095 quod
557 1018 685 1077 Christus

99 1099 183 1149 vocat
194 1100 374 1177 peccatorem
389 1094 465 1151 toras
480 1093 555 1150 exire
568 1093 603 1151 de
620 1109 684 1149 con·

98 1170 260 1223 versatione
275 1167 394 1240 peccati,
406 1171 434 1223 et
446 1164 482 1223 de
496 1163 685 1222 occultatione

99 1236 170 1309 ejus,
185 1255 235 1311 per
247 1240 455 1297 contessionem
470 1236 629 1296 taciendam
642 1254 684 1295 sa·

100 1309 218 1369 cerdoti.
227 1345 262 1355 --
271 1314 410 1370 Octavum
425 1328 493 1385 ergo
506 1314 549 1368 est
558 1315 685 1392 peccato·

98 1397 163 1440 rum
182 1385 336 1453 consessio,
356 1401 441 1457 quam
464 1386 536 1441 Deus
564 1382 685 1439 admini-

99 1459 171 1512 strat
191 1473 257 1513 voce
284 1456 445 1523 clamando,
463 1454 491 1513 id
519 1458 561 1511 est
582 1470 686 1525 magna

98 1527 191 1599 gratia
207 1529 348 1598 vocando;
364 1534 393 1584 et
407 1529 461 1583 hoc
474 1530 590 1583 notatur
598 1525 627 1581 iu
640 1543 684 1597 eo,

99 1600 175 1671 quod
197 1601 319 1657 Lazarus
339 1598 446 1672 prodiit
464 1596 684 1669 desepulcl1r03

98 1670 214 1798 prodire
228 1671 304 1728 enim
317 1676 360 1727 cst
375 1672 411 1727 de
425 1669 533 1727 occulto
554 1685 605 1741 per
617 1686 685 1726 con·

111 1741 254 1799 essionem
263 1743 369 1799 venire.
382 1741 436 1801 Sed
448 1742 540 1798 adhuc
554 1746 686 1814 peccator

99 1819 221 1871 nonest
242 1814 368 1873 totaliter
393 1814 512 1881 solutus.
531 1821 685 1886 antequam

96 1886 685 1959 superveniatahsolutiosacerdotis;quod

98 1957 278 2032 significatur
292 1976 344 2034 per
361 1961 417 2019 hoc
436 1959 512 2035 quud
526 1960 632 2033 prodiit
649 1962 684 2016 tt-

98 2037 181 2103 patus
195 2034 279 2107 pedes
295 2040 321 2091 et
335 2049 434 2103 manus
448 2036 566 2091 iustitis.
581 2064 616 2075 -
632 2034 685 2091 No·

96 2120 167 2163 uum
182 2123 250 2180 crgo
265 2112 309 2164 est
330 2105 545 2164 sacramentalis
568 2105 684 2162 ahsolu-

96 2179 152 2246 tio;
179 2196 243 2251 quae
269 2178 446 2249 significatur
471 2193 522 2249 per
541 2177 685 2249 hocquod

97 2248 224 2307 Christus
234 2249 304 2306 dixit
318 2248 462 2330 discipulis
475 2265 481 2303 :
495 2250 600 2305 Solvite
612 2266 682 2305 cum.

95 2322 238 2377 Potuissct
253 2320 367 2391 quidem
387 2319 550 2377 immediato
564 2319 683 2392 simplici

94 2393 181 2449 rerho
210 2391 364 2521 ipsummet
388 2391 507 2455 solvere.
527 2391 599 2449 sicut
619 2392 685 2450 lecit

94 2463 190 2536 ipsum
234 2481 251 2520 e
274 2468 458 2522 monumento
483 2464 614 2535 prodire;
634 2465 684 2522 sed

95 2536 184 2593 voluit
195 2535 464 2608 suosdiseipulosin
479 2536 533 2594 hoc
548 2553 683 2610 coopera-

94 2612 172 2666 tores
187 2609 303 2681 hahere,
322 2609 389 2681 quia
406 2608 465 2665 vult
480 2609 534 2665 hoc
553 2609 684 2668 mtniste-

95 2682 170 2738 rium
181 2682 377 2738 sacerdotibus
389 2680 610 2739 communicare.
631 2684 683 2740 Su·

95 2752 179 2811 scitat
191 2754 283 2822 lesus,
294 2753 359 2826 quia
376 2769 425 2823 per
444 2753 627 2826 semetipsum
643 2752 684 2811 vi-

94 2825 190 2883 viticat
200 2825 333 2896 interius;
345 2827 458 2883 solvunt
470 2825 610 2898 discipuli,
618 2825 684 2899 quia

96 2897 256 2957 ministerio
282 2899 463 2957 sacerdotum
496 2900 683 2957 absolvuntur

95 2971 249 3030 vivificati:
266 2973 397 3031 Christus
409 2972 497 3043 euim,
510 2970 577 3029 dum
592 2989 643 3044 per
655 2989 684 3029 se

94 3043 170 3102 intus
195 3045 329 3115 viviticat,
346 3043 485 3103 ministris
513 3051 684 3117 potestatem

95 3117 224 3175 soh-endi
239 3118 349 3176 tribuit.
367 3121 493 3175 ltortuus
505 3134 572 3174 erro
588 3134 684 3190 proce·

93 3188 164 3247 dous
178 3191 272 3247 adhuc
286 3190 389 3262 ligatus
420 3196 464 3247 est
478 3138 618 3247 coniitens
634 3190 685 3248 ad·

95 3260 149 3317 huc
164 3278 249 3331 rcus;
272 3269 302 3317 ut
313 3265 409 3318 autem
423 3261 608 3319 absolvantur
620 3279 685 3335 pec-

91 3339 156 3390 cata
170 3334 242 3404 ejus,
267 3332 407 3391 ministris
424 3332 579 3390 mandatur
599 3342 630 3391 ut
653 3334 685 3390 il·

90 3403 150 3461 lum
164 3404 285 3461 solvant.
302 3403 380 3461 Sicut
393 3421 463 3477 ergo
480 3405 618 3462 Dominus
633 3407 683 3463 La·

93 3491 191 3532 aarum
203 3474 360 3546 suscitavit,
376 3475 547 3550 priusquam
562 3493 580 3534 a
594 3476 685 3534 disci-

92 3545 168 3620 pulis
188 3547 361 3617 solveretur3
385 3550 426 3605 sic
456 3546 488 3604 iu
515 3550 684 3608 contritione

93 3623 241 3692 peccatum
261 3617 391 3692 dimittit,
408 3626 438 3679 et
450 3622 685 3693 peccatoremri·

94 3689 200 3762 visscet,
214 3689 381 3765 priusquam
395 3710 413 3752 a
431 3695 580 3753 sacerdote
594 3694 686 3753 ahsol-

93 3769 185 3836 vatur,
201 3765 245 3822 cui
261 3769 356 3825 tamen
370 3769 476 3840 postea
492 3785 522 3826 se
533 3768 685 3826 ostendere

91 3841 215 3896 tenetur.
229 3870 264 3879 -
282 3838 430 3897 Decimum
447 3846 476 3898 et
498 3840 629 3900 ultimum
642 3846 686 3899 est

91 3909 263 3981 satisfactio;
298 3913 482 3984 uaesignatur
498 3913 529 3969 in
543 3915 597 3971 hoc
629 3915 684 3971 uod

89 3984 172 4040 Jesus
185 3927 315 4067 ,suudiiit
332 4002 339 4042 ι
354 3988 391 4045 Et
407 3987 495 4042 stulte
516 4002 579 4043 eum
595 3931 682 4046 aiere.

85 4058 148 4114 lton
163 4057 248 4114 dicit:
260 4056 357 4116 Facite
368 4073 435 4116 eum
450 4059 486 4115 ad
498 4059 683 4131 sepulchrum

87 4127 194 4186 redire.
212 4129 258 4187 Sic
278 4132 416 4189 sacerdos
432 4130 517 4188 dehet
535 4130 682 4204 principa·

85 4198 153 4257 liter
173 4218 224 4273 pro
240 4204 439 4262 satisfactione
456 4203 608 4277 injungere
623 4206 684 4262 ho-

84 4271 152 4327 mini
172 4274 248 4345 quod
268 4277 304 4334 de
319 4278 475 4351 sepulchro
489 4281 518 4335 et
532 4277 681 4349 profundo
708 4342 710 4347 ,

753 454 827 510 ongo
844 439 938 507 abeat,
953 440 981 493 et
999 435 1170 495 nullatenus
1190 437 1326 513 recidivet,

743 515 771 567 et
789 514 911 583 amptius
927 526 985 567 nou
1007 513 1118 581 peccet.
1136 508 1216 567 Dixit
1234 512 1326 573 enin:

741 584 832 641 Stulte
841 598 905 640 cum
921 584 1078 645 polaemon
1090 582 1234 644 stererat
1241 586 1326 669 iacere

742 654 803 713 sine
817 654 950 713 exercitio
966 653 1110 727 spirituali
1126 671 1135 724 ;
1154 654 1226 727 quia
1244 674 1274 715 m
1287 657 1327 716 Dei

742 727 789 785 ria
804 732 890 798 stare,
907 726 1089 785 retrocedere
1104 731 1165 799 est,
1186 728 1239 785 sed
1254 731 1328 789 dehet

742 801 889 858 ambulare
906 800 985 872 Juxta
1011 798 1083 857 illud
1108 798 1245 861 Psalmi:
1260 802 1329 861 llicit

742 874 776 930 dc
788 875 890 929 uirtute
904 875 934 929 in
948 875 1089 930 uirtutem.

781 968 812 1003 ιο
827 947 857 1003 lu
872 962 1068 1003 sassonorum
1084 946 1219 1005 Lazarus
1232 964 1280 1005 nsr
1291 966 1329 1005 rr·

743 1034 791 1075 rus
817 1034 951 1076 araturas
976 1036 1173 1077 susurronum
1202 1050 1237 1063 -
1271 1022 1330 1079 lten

743 1089 871 1164 mystice,
889 1106 945 1174 per
973 1092 1112 1148 Lazarum
1138 1092 1330 1165 languentem,

743 1161 897 1235 signiticart
915 1160 1002 1222 ctiam
1016 1168 1113 1237 potest
1131 1180 1257 1237 gravem
1273 1170 1331 1223 ten-

743 1237 880 1293 tationem
890 1235 1001 1309 patiens
1010 1253 1017 1305 ;
1027 1241 1056 1292 et
1065 1252 1123 1365 per
1135 1237 1203 1308 ejus
1214 1254 1331 1310 sorores,

743 1324 874 1439 Bersonae
890 1324 941 1380 pro
956 1308 1016 1380 ejus
1036 1308 1063 1365 al
1076 1306 1231 1368 eriatione
1241 1310 1332 1369 devota

767 1379 888 1437 hristum
903 1385 1062 1453 precantes,
1073 1397 1214 1453 quaenon
1230 1400 1332 1453 semper

744 1451 1333 1536 oxatidiuntur3sedtalispatiensaliquan·

745 1525 781 1582 do
797 1541 848 1596 per
873 1529 968 1582 actum
984 1532 1092 1597 pcccati
1111 1527 1250 1585 mortalis
1270 1526 1332 1585 mori

745 1596 929 1669 permittitur,
941 1598 976 1653 ab
989 1614 1022 1654 eo
1035 1596 1082 1670 qui
1099 1604 1149 1655 est
1160 1605 1254 1657 tantae
1264 1597 1333 1658 boni

744 1668 811 1726 tatis
826 1676 854 1726 et
869 1668 1014 1742 potentiae,
1032 1670 1111 1742 quod
1128 1670 1186 1728 scit
1204 1677 1236 1730 et
1251 1676 1333 1745 potest

743 1742 821 1799 bona
837 1742 873 1798 de
889 1741 971 1798 malis
985 1740 1099 1798 elicere.
1119 1745 1152 1799 ln
1170 1745 1231 1801 hoc
1247 1752 1333 1803 autera

745 1814 820 1885 quod
845 1811 983 1871 Dominus
1003 1814 1079 1870 radit
1099 1815 1141 1871 ad
1162 1832 1233 1873 eum
1254 1816 1333 1875 susei-

744 1886 873 1955 tauDum,
889 1884 1049 1942 ostenditur
1073 1887 1140 1959 ejus
1164 1888 1333 1949 clementia:

744 1956 922 2031 inquantum
938 1957 1067 2015 homines
1081 1960 1112 2016 in
1133 1962 1266 2034 peccatis
1283 1960 1334 2020 exi·

744 2036 851 2089 steutcs
867 2036 895 2087 et
910 2029 989 2102 quasi
1010 2036 1157 2102 mortuos,
1186 2051 1224 2092 ac
1243 2050 1294 2108 per
1308 2050 1333 2093 se

744 2103 780 2159 ad
796 2105 884 2159 Deum
899 2103 1033 2160 accudere
1050 2119 1108 2160 non
1126 2107 1274 2192 valentes,
1291 2106 1334 2165 nti·

743 2173 927 2233 sericorditer
941 2176 1146 2247 praeveniendo
1161 2182 1286 2239 attrahit
1291 2199 1299 2251 3
1309 2184 1332 2237 et

742 2254 921 2320 poccatorem
936 2264 993 2304 non
1005 2248 1098 2306 solum
1119 2258 1276 2312 mortuum
1290 2267 1332 2326 per

742 2320 865 2393 culpam,
890 2318 1040 2377 sedetiam
1059 2320 1229 2395 aliquando
1244 2326 1328 2383 tuten-

742 2397 801 2450 tcm
824 2410 875 2467 per
893 2392 1050 2476 infamiam,
1073 2400 1103 2450 et
1124 2394 1324 2468 sepultunsul

742 2464 836 2593 lapide
849 2481 899 2538 per
915 2464 1153 2538 obstinationem,
1169 2469 1218 2528 sic
1236 2466 1329 2529 reducit

742 2554 760 2594 a
800 2537 886 2595 uitam
915 2537 1024 2610 gratiae,
1052 2540 1134 2611 quod
1163 2558 1232 2600 non
1253 2541 1331 2601 solun

743 2608 851 2667 tollitur
864 2608 1019 2667 obstinatio
1036 2616 1064 2667 et
1079 2628 1161 2671 mors
1174 2616 1283 2689 culpae,
1292 2612 1333 2672 sed

743 2680 830 2739 ctiam
854 2683 937 2739 toetor
962 2682 1099 2752 lutamitu,
1129 2694 1159 2742 et
1192 2686 1334 2746 reducitur

743 2752 837 2813 suavis
856 2754 928 2810 od0r
942 2757 1025 2813 honre
1041 2756 1139 2814 tantae.
1158 2760 1252 2818 Nulla
1266 2758 1334 2818 enim

743 2825 933 2898 desperationi
951 2829 1033 2884 datur
1048 2829 1175 2897 occasio,
1193 2849 1263 2889 cum
1283 2834 1333 2889 La·

742 2915 825 2956 zarus
842 2899 903 2981 jum
922 2899 1033 2968 lceteus,
1046 2970 1051 2982 ·
1063 2907 1091 2957 et
1121 2904 1333 2974 quatriduanus

742 2978 896 3028 resurrexit
914 2989 931 3028 a
950 2980 1068 3029 mortuis
1083 2979 1112 3029 et
1132 2986 1331 3034 monumento.

743 3046 834 3101 Lucus
853 3052 949 3100 autem
964 3044 1072 3102 infirmi
1091 3052 1154 3103 erat
1183 3048 1332 3119 Bethania,

744 3133 807 3189 quui
822 3116 1028 3188 interpretatur
1046 3119 1144 3175 demtis
1158 3123 1332 3185 obedientia,

745 3206 794 3260 per
813 3189 888 3261 quod
908 3189 992 3246 datur
1007 3189 1140 3261 intelligi,
1154 3195 1237 3264 quod
1252 3194 1278 3250 si
1293 3193 1333 3249 in·

744 3261 892 3319 firmassit
908 3264 965 3317 Deo
981 3262 1238 3335 obediens‚potrst
1251 3268 1287 3323 ah
1301 3281 1331 3322 eo

744 3335 779 3392 de
794 3333 870 3391 facili
884 3333 988 3391 curari.
1001 3336 1044 3406 Et,
1056 3336 1222 3394 secundum
1236 3338 1332 3394 diuel-

743 3424 828 3474 mum,
844 3405 874 3463 in
888 3405 1036 3477 Bethania,
1051 3407 1128 3479 quod
1144 3409 1251 3467 domus
1268 3410 1332 3467 ohe·

743 3478 858 3536 utentis
869 3477 1084 3560 interpretatur,
1095 3480 1237 3539 Dominus
1250 3484 1332 3539 Laza-

742 3567 807 3609 rum
822 3549 978 3620 suscitavit,
990 3556 1019 3608 ut
1037 3552 1207 3610 ostenderet
1222 3570 1331 3621 omues,

764 3623 791 3681 ui
803 3624 885 3680 hone
896 3622 1052 3681 uoluntatis
1061 3624 1156 3681 studio
1171 3626 1239 3683 huie
1251 3643 1333 3685 mun·

743 3640 779 3753 io
793 3695 958 3767 morientes,
977 3695 1007 3752 in
1023 3696 1087 3753 siuu
1100 3696 1279 3757 obedientiae
1290 3715 1332 3757 re·

743 3768 901 3841 qtiiescunt,
917 3768 947 3824 in
976 3768 1062 3826 vitam
1078 3773 1217 3827 aeternam
1244 3775 1333 3829 aDeo

742 3839 963 3900 resuscitandos.
990 3843 1046 3898 lsta
1066 3848 1162 3899 nutem
1193 3844 1334 3903 Bethania

742 3913 1334 3989 eratllarthaeethlariaeperqtrasduplex

741 3985 810 4055 vita,
826 3984 948 4044 scilicet:
961 3986 1058 4044 activa
1068 3993 1096 4043 et
1108 3988 1335 4061 contemplativa

741 4058 939 4132 significatum
953 4063 984 4116 ut
1003 4058 1044 4116 sic
1061 4075 1113 4132 pur
1129 4061 1184 4116 hoc
1208 4060 1333 4135 intelligi

741 4133 834 4202 detur,
858 4132 933 4204 quod
953 4148 1005 4205 per
1027 4131 1223 4190 obedientiam
1245 4134 1333 4191 homo

741 4206 881 4278 perlectus
896 4203 926 4260 in
947 4204 1004 4262 rita
1032 4205 1124 4263 activa
1143 4213 1172 4263 et
1199 4213 1334 4265 contem·

740 4276 846 4351 plativa
867 4275 1005 4336 redditur.
1033 4276 1142 4336 Dicitur
1171 4284 1272 4337 autem
1299 4278 1334 4335 de
