2820 4928
86 265 132 319 bbb

430 259 588 314 sictona
617 256 735 311 rinus
762 254 869 309 ctera
901 251 984 306 Ltlt
1081 234 1087 243 '

92 373 245 439 lactantur,
259 369 338 426 nulla
354 369 472 426 alterius
489 366 552 423 eitae
570 364 677 438 gaudia
729 364 765 421 ad
776 365 854 419 bunc
864 360 979 423 tinem,
992 363 1026 439 et
1039 356 1162 438 idemut
1173 358 1304 438 {saepem

730 436 866 502 babeatis,
890 427 1138 489 advenientibus
1153 426 1304 483 tribulation-

730 508 785 563 bus
803 503 928 573 tuturis,
951 500 1032 574 qnia
1045 503 1125 556 sicut
1137 514 1220 570 graue
1234 500 1304 570 quia

731 584 777 634 tur
788 577 818 633 in
834 576 901 633 loeo
913 572 1061 648 proprio,
1072 570 1117 628 ita
1130 586 1180 626 eor
1195 570 1306 627 bunnam

90 451 252 525 sperantem
266 442 315 498 sed
327 441 393 496 boni
403 438 576 495 inaerurnuis
593 439 676 509 hujus

90 523 156 569 vitae
174 513 331 580 tristantur,
344 518 372 568 et
387 512 499 583 plorant
511 526 563 581 pro
576 524 676 580 pecca·

92 585 128 641 tis
150 586 288 656 propriis,
308 589 336 639 et
357 583 466 650 alienis,
487 597 539 654 pro
560 581 677 661 huJusee

94 655 191 712 mundi
221 654 358 723 incolatu,
373 662 402 708 et
430 652 567 709 dilatione
595 667 677 721 repul

93 726 229 793 roelestis3
246 732 275 782 el
300 742 350 796 per
373 725 455 797 liuius
473 724 536 780 vitm
559 722 677 780 tribula·

94 797 185 853 tiones
209 802 237 853 et
256 796 415 867 angustias,
431 795 467 852 ad
487 802 593 851 aeterna
608 810 678 849 eon·

92 868 212 925 tendunt
224 868 328 939 gaudia
347 867 422 936 eati,
438 870 504 938 quia
517 883 566 938 per
576 867 679 921 multus

93 941 286 996 tribulationes
300 945 406 1011 oportet
419 955 467 994 nos
477 941 582 994 intrare
595 940 626 992 iu
639 953 681 992 re·

93 1028 177 1079 prium
197 1014 257 1067 Ilei.
279 1010 380 1067 Dicens
411 1025 479 1080 ergo
508 1008 644 1065 Dominus
671 1025 678 1063 :

96 1086 197 1139 lterum
222 1087 312 1138 autera
339 1081 435 1138 aielebo
452 1098 509 1143 uos,
526 1079 680 1136 secundum

95 1153 235 1224 promittit
259 1154 422 1213 adventum,
447 1154 538 1223 quoad
566 1150 680 1207 unirer·

95 1241 156 1281 satu
172 1223 304 1281 uidelicet
319 1223 483 1292 Ecclesiam,
493 1223 529 1279 ad
545 1237 679 1278 remune-

96 1295 216 1352 randum
239 1311 271 1351 ex
293 1295 415 1367 integro.
440 1297 478 1350 Ae
497 1295 519 1349 si
546 1293 679 1349 diceret:

97 1369 202 1423 lterum
215 1366 504 1437 ridendusapparebo
513 1364 593 1422 robis
602 1368 682 1419 aeler-

96 1453 134 1493 na
149 1438 266 1504 risione,
283 1437 402 1509 eripiam
420 1453 469 1492 vos
485 1438 520 1492 ab
542 1437 681 1492 adversa-

96 1508 158 1574 rris,
174 1524 315 1565 assumam
331 1525 380 1565 ros
392 1509 428 1564 ad
443 1508 592 1578 meipsum,
604 1523 683 1563 coro-

97 1580 172 1635 nabo
188 1596 235 1634 vos
250 1582 382 1648 virtores,
397 1579 524 1649 probabo
541 1595 587 1634 me
607 1593 681 1634 sern-

95 1666 148 1722 per
162 1649 264 1706 vidisse
279 1667 328 1705 vos
346 1650 533 1706 decertantes.
545 1649 623 1704 Unde
634 1651 683 1704 Ab·

96 1724 217 1776 euiuus:
237 1742 250 1771 o
270 1720 370 1776 Mulier
392 1726 486 1776 autem
510 1727 608 1775 sancta
631 1722 679 1776 Ec·

42 1848 46 1855 ,
99 1792 185 1847 alesia
200 1797 254 1854 est.
272 1796 390 1863 propter
404 1790 614 1848 loecnnditateni
631 1792 681 1848 bo·

101 1877 204 1919 norum
224 1878 351 1935 operum,
377 1870 406 1919 et
433 1862 499 1934 quia
521 1861 684 1934 spirituales

102 1935 159 1989 Deo
174 1933 250 1990 filios
263 1940 397 2006 generat3
411 1935 472 1990 lraec
489 1937 600 2003 mulier,
618 1935 684 1990 dum

99 2009 187 2077 parit,
202 2006 229 2060 id
244 2012 286 2062 est
301 2006 367 2062 dum
385 2006 534 2063 inmundo
549 2008 683 2062 virtutum

103 2076 274 2146 protectibus
286 2077 401 2141 insistit,
411 2078 478 2134 dum
490 2077 614 2149 undique
626 2083 686 2133 ten-

102 2154 179 2203 tator
194 2154 222 2204 et
235 2148 382 2219 altligitur,
397 2152 544 2204 tristitiom
557 2149 637 2204 babet
652 2149 686 2204 de

101 2219 167 2286 hoe,
179 2223 247 2289 quio
261 2223 336 2276 uenit
350 2222 417 2275 bora
433 2225 464 2275 ut
477 2218 609 2289 patiatur,
621 2217 688 2290 quia

101 2305 178 2345 nerito
188 2307 295 2345 caruem
306 2307 384 2345 sunm
394 2291 456 2345 odio
466 2290 563 2345 babuit
566 2332 620 2346 .....
633 2291 688 2347 Sed

102 2377 162 2415 cuna
181 2365 298 2431 peperit,
316 2359 402 2416 idest
417 2377 492 2428 eum,
508 2360 619 2417 deuicto
640 2363 688 2416 la-

104 2430 180 2487 boris
199 2431 365 2499 certamine,
381 2431 417 2487 ad
439 2431 562 2504 palmam
582 2447 688 2503 perve-

104 2501 187 2562 nerit.
198 2503 324 2571 jamnon
336 2506 459 2558 menaintt
470 2520 604 2574 pressurae
612 2518 687 2575 prae-

104 2573 242 2641 cedentis,
257 2580 369 2646 propter
387 2580 528 2646 perceptae
555 2577 688 2644 pecudium

104 2645 309 2712 retributionis
328 2649 395 2719 puio
412 2652 494 2701 natus
513 2652 553 2701 est
568 2649 645 2701 bomo
658 2649 688 2702 in

103 2719 245 2773 reundum.
262 2717 341 2773 Sicut
353 2716 429 2773 euim
449 2718 560 2785 mulier,
579 2722 645 2773 irato
657 2719 687 2773 in

105 2789 158 2843 bor
179 2789 282 2844 rutundo
300 2787 425 2855 homino,
441 2788 570 2856 laetatur;
586 2788 626 2844 ita
639 2789 687 2847 ue·

104 2858 200 2925 etesia,
216 2866 282 2916 nato
298 2859 327 2915 in
343 2859 428 2915 vitam
452 2866 585 2916 aeternam
611 2859 688 2916 tide·

104 2929 171 2986 lium
186 2931 300 3002 populo,
319 2930 505 2987 exsultatione
517 2931 653 3002 repletur.
671 2952 685 2980 u

105 3001 184 3058 Unde
208 3009 235 3057 et
258 3003 351 3059 Reda:
370 3024 383 3052 e
402 3005 457 3058 Nec
476 3018 579 3059 novum
603 3003 688 3059 debet

104 3072 204 3138 videri,
220 3073 242 3129 si
265 3080 347 3130 natus
370 3074 492 3142 dicatur,
508 3074 555 3144 qui
579 3090 611 3130 ex
635 3074 687 3129 hac

105 3143 161 3198 vita
184 3144 357 3215 migraverit.
384 3147 428 3202 Sic
454 3144 530 3202 enirn
555 3150 687 3203 mansuete

106 3216 180 3270 nasci
196 3215 310 3283 dicitur,
328 3232 393 3272 eum
410 3216 472 3288 utris
487 3216 522 3273 de
536 3222 614 3273 utero
628 3232 687 3271 tna-

104 3285 156 3340 tris
169 3288 325 3357 procedens
339 3288 367 3343 iu
382 3288 455 3343 lianc
467 3287 559 3345 lucem
574 3304 688 3359 progre-

103 3356 194 3422 ditur;
212 3357 252 3413 ita
270 3366 363 3428 potest
380 3364 461 3414 natus
477 3359 625 3430 appellari,
639 3358 687 3430 qui

103 3426 213 3481 solutos
225 3444 242 3482 a
255 3428 374 3483 vinculis
389 3429 483 3485 carnis
495 3434 529 3485 ad
546 3430 637 3485 lucem
653 3446 689 3485 ae·

87 3498 214 3550 ¹ternam
232 3495 408 3552 sublimatur.
427 3499 504 3554 Unde
520 3502 687 3556 Sanctorum

103 3566 243 3622 solemnia
256 3582 313 3623 non
329 3567 470 3636 funebria,
491 3571 538 3623 sed
558 3570 688 3626 natalitia

102 3644 241 3693 vocantur
259 3654 266 3693 ε
285 3660 296 3687 r
313 3638 374 3694 haec
387 3640 472 3695 Reda.

142 3729 170 3765 ra
185 3712 264 3765 Pacis
275 3727 307 3766 nr
318 3727 429 3766 sinuata
441 3728 467 3767 m
476 3709 613 3767 Cnmsrmt
624 3728 689 3766 cou-

102 3799 237 3837 uruunrro
260 3814 292 3822 —
309 3783 416 3839 Deinde
431 3781 577 3839 concludit
590 3782 686 3840 Domi·

102 3869 156 3908 nus
171 3853 686 3925 conclusionemprincipaliterinten-

102 3929 175 3992 lam;
192 3926 227 3980 ad
241 3926 294 3981 hoc
309 3924 384 3981 enim
396 3924 464 3981 dixit
474 3924 611 3997 predicta
624 3942 686 3983 om-

102 3994 161 4062 nia,
181 4002 211 4052 ut
226 3996 410 4052 firmarentur
434 3995 563 4067 discipuli
587 4005 687 4056 contra

100 4066 299 4124 tribulationes
308 4067 686 4135 eisimminentesetadrer·

102 4151 144 4204 sa,
157 4137 231 4192 unde
245 4137 285 4194 ait
302 4142 384 4195 :Haec
394 4142 497 4208 omnio,
509 4155 573 4208 ouae
587 4139 642 4196 diri
654 4140 683 4196 in

733 648 761 705 in
784 650 854 705 Deo.
873 649 912 703 Et
932 644 1010 701 inde
1037 648 1099 710 est,
1121 642 1198 714 quod
1220 642 1307 698 bonine

733 716 884 788 mundani,
909 716 962 790 qui
988 718 1057 773 Deo
1078 729 1134 786 per
1150 729 1264 770 amorem
1275 730 1307 768 noe

733 797 797 847 sunt
820 787 993 862 coniuncti,
1012 787 1132 843 habent
1153 783 1308 866 tribulatione„¹

733 864 841 934 absque
865 876 959 930 pare;
978 859 1037 914 sed
1062 855 1177 939 Sancti,
1192 872 1236 927 nui
1252 858 1308 937 bem

734 951 784 1004 per
797 947 931 990 amorem
949 930 1072 987 habent
1087 944 1118 984 rn
1135 928 1231 991 corde,
1241 934 1309 1008 etun

734 1004 839 1062 mundo
854 1004 971 1060 habent
988 999 1212 1068 tribulationes,
1222 1000 1247 1055 in
1258 1000 1310 1055 mn·

734 1085 778 1134 sto
803 1081 904 1132 tamen
930 1074 1051 1130 habent
1072 1087 1190 1145 pacem.
1210 1072 1253 1127 llic
1270 1071 1311 1125 int

734 1162 898 1204 sermonem
920 1160 1026 1209 suum,
1044 1152 1079 1200 ut
1103 1143 1174 1216 pius
1189 1144 1264 1199 Pater
1276 1144 1310 1197 uti-

735 1219 805 1276 liora
822 1233 937 1290 poneus
952 1217 987 1273 in
1003 1215 1081 1283 fine,
1094 1214 1208 1272 scilieet
1216 1215 1313 1296 depae

734 1292 770 1347 ad
798 1305 885 1361 quarn
914 1303 1028 1345 omnes
1058 1291 1189 1344 conatur
1215 1298 1312 1341 inurar.

736 1361 815 1419 Unde
838 1361 939 1418 Glossa
956 1379 967 1414 :
984 1379 1000 1412 u
1018 1361 1088 1415 Non
1115 1358 1212 1415 solum
1230 1355 1314 1435 quain

734 1450 824 1501 eoena,
836 1431 886 1488 sed
903 1430 998 1488 etiam
1013 1446 1083 1502 qnae
1099 1431 1139 1487 ab
1149 1429 1230 1486 initio
1244 1430 1315 1500 preb

734 1503 856 1562 cationis
865 1519 937 1572 suae,
947 1507 980 1558 et
992 1501 1129 1558 maxime
1139 1518 1205 1573 quae
1215 1501 1241 1556 in
1251 1514 1315 1566 orna

735 1577 789 1632 bac
810 1574 846 1631 de
867 1589 957 1630 causa
979 1573 1068 1642 dicit,
1087 1579 1122 1629 ut
1137 1572 1168 1629 in
1185 1573 1231 1629 illo
1247 1585 1316 1648 paren

736 1647 860 1704 habeant
871 1663 878 1700 :
889 1661 998 1717 pacem
1011 1645 1150 1717 pectoris
1161 1644 1191 1700 in
1204 1648 1317 1716 present,

736 1733 834 1790 pacem
848 1716 1028 1773 aeternitatis
1042 1716 1077 1774 in
1094 1716 1206 1773 tuturo.
1218 1717 1273 1771 Hac
1283 1730 1318 1786 pu

737 1794 781 1846 est
805 1805 857 1862 pro
873 1804 930 1860 qua
951 1787 1122 1845 Christiani
1145 1787 1213 1844 laeti
1235 1801 1318 1845 sunu.

738 1878 789 1934 pro
812 1875 868 1930 qua
889 1861 1096 1916 sacramentis
1113 1858 1318 1928 imbuimur,pro

739 1930 928 2003 qnanagettis
943 1939 974 1986 et
989 1929 1060 1987 aliis
1078 1930 1179 1986 modis
1191 1929 1319 1997 erudimur,

738 2019 790 2076 pro
812 2000 1023 2083 qua-Spiritus
1043 2005 1160 2129 pignus
1173 2015 1319 2073 accepimus,

739 2089 906 2147 proquam
927 2089 995 2130 eum
1018 2089 1072 2129 cre
1097 2090 1178 2130 rmus
1197 2081 1225 2129 et
1247 2087 1318 2144 spera-

740 2161 814 2212 mus,
824 2152 853 2201 et
865 2160 963 2200 amore
976 2145 1043 2216 ejus
1060 2146 1260 2201 accendimur.
1274 2145 1319 2198 tlaer

740 2223 784 2274 est
803 2217 832 2272 in
850 2215 994 2342 grassaris
1012 2216 1186 2272 consolatio
1201 2223 1229 2273 et
1241 2214 1320 2270 litera-

741 2290 792 2357 lio,
806 2296 837 2344 ut

872 2290 905 2343 ac
923 2286 952 2342 in
969 2287 1030 2344 flue
1048 2285 1182 2344 feliciter
1194 2300 1319 2358 Qucum
1356 2298 1359 2347 l

741 2374 805 2416 eum
820 2357 940 2416 Christo.
955 2359 987 2414 ln
1008 2358 1069 2414 boc
1089 2375 1163 2431 ergo
1183 2372 1320 2414 sermonen
1357 2360 1359 2409 ἱ

742 2429 895 2497 concludit,
906 2428 1050 2501 orriaipse
1069 2434 1119 2486 est
1131 2432 1319 2487 consummatio
1357 2436 1359 2447 ·

742 2501 804 2568 riae,
817 2507 845 2557 et
864 2499 1010 2557 beatitudo
1035 2501 1157 2572 patriae.
1179 2503 1283 2558 »Unde
1301 2505 1321 2554 et

741 2575 916 2642 Aupusttnus
926 2591 934 2627 :
946 2593 961 2622 «
975 2573 1045 2628 llaec
1059 2588 1117 2644 pax
1130 2573 1222 2629 tinem
1237 2579 1321 2642 tempe

743 2647 782 2701 ris
791 2660 846 2700 non
858 2641 986 2711 habebit,
997 2644 1050 2699 sed
1060 2644 1162 2700 omnis
1171 2645 1227 2717 pire
1238 2654 1320 2699 nosue

742 2713 1298 2788 intentionisacttonisqnetinisipsaent
1311 2733 1320 2759 r

742 2789 775 2843 Et
785 2785 947 2858 subjungit:
960 2788 992 2840 ln
1001 2787 1111 2842 mundo
1121 2804 1279 2858 pressurum
1287 2787 1320 2839 la·

743 2859 864 2927 bebitis,
888 2856 995 2914 seilicet
1022 2857 1063 2914 ab
1095 2859 1263 2916 bominibus
1285 2872 1321 2911 ros

742 2929 839 3000 utique
859 2927 1109 3001 persequentibus,
1135 2929 1168 2986 in
1187 2947 1232 2987 me
1246 2935 1319 2985 auten

741 3016 839 3074 pacem
851 2998 998 3057 babebitis.
1008 2999 1100 3066 Quasi
1109 3001 1236 3070 diceret,
1244 3015 1321 3058 serua

742 3074 809 3129 durn
824 3072 985 3139 Greporium
1000 3089 1009 3125 ε
1023 3073 1070 3128 Sit
1083 3073 1174 3129 vobis
1191 3073 1226 3129 de
1242 3088 1281 3128 rue
1292 3071 1321 3126 ir

741 3143 829 3199 terius
844 3143 920 3214 quod
935 3141 1115 3199 consolando
1132 3144 1256 3209 reliciat,
1271 3141 1321 3223 quia

742 3214 796 3271 erit
807 3214 842 3270 de
856 3213 961 3269 mundo
973 3213 1113 3278 exterius,
1128 3217 1211 3287 quod
1227 3229 1322 3271 samen

743 3287 778 3341 do
790 3285 916 3356 graviter
931 3291 1054 3356 premat.
1072 3286 1177 3343 Sancti
1195 3288 1267 3344 enirn
1282 3282 1320 3338 riri

743 3374 799 3413 uon
810 3358 916 3413 babent
932 3355 1142 3413 tribulationes
1159 3375 1252 3429 puras,
1269 3355 1321 3428 quia

742 3429 850 3484 habent
859 3426 1085 3484 consolationem
1099 3429 1153 3485 uei
1171 3429 1320 3491 admixtam

742 3499 792 3555 sed
808 3497 874 3554 mali
891 3499 999 3553 habent
1014 3498 1227 3557 tribulationes
1241 3512 1321 3582 puras,

743 3586 800 3626 non
826 3569 964 3626 babentes
983 3569 1220 3630 consolationem
1244 3577 1320 3627 istan.

742 3638 982 3711 Sauromatem
995 3646 1039 3696 est
1045 3640 1193 3699 fiduciam
1201 3645 1229 3699 in
1240 3642 1321 3698 mela·

741 3714 817 3780 bete,
830 3711 897 3783 quia
908 3728 955 3780 epo
965 3711 1114 3837 prebebis
1125 3718 1188 3770 aiei
1195 3714 1320 3771 mimoni,

742 3789 848 3839 elnon
871 3782 1049 3855 praevaebtt.
1076 3784 1170 3850 Quasi
1199 3786 1320 3842 diceret:

742 3857 905 3910 Recurratis
917 3853 953 3910 ad
967 3859 1062 3921 meet
1074 3854 1225 3914 babebitis
1238 3867 1321 3929 paren

740 3924 769 3982 in
787 3941 842 3982 me.
859 3925 985 3983 Christus
1006 3923 1078 3980 vicit
1095 3929 1251 3994 mundum,
1269 3924 1320 3983 dri·

740 3996 844 4080 pientio
854 4003 883 4052 et
896 3995 1051 4053 auterendo
1063 4012 1150 4055 arma
1159 4001 1224 4072 ejus
1235 3999 1320 4071 quibus

740 4072 898 4140 impugnat.
916 4071 976 4125 baec
990 4072 1089 4124 autem
1109 4077 1181 4126 suut
1196 4073 1259 4144 ejus
1270 4083 1321 4125 ron·

739 4139 914 4211 cupiscibilia
930 4158 937 4196 ι
953 4142 1024 4197 Num
1041 4155 1123 4196 omne
1150 4144 1228 4213 quod
1250 4141 1321 4198 estio

99 4224 232 4265 sermone
245 4209 683 4280 isto,locutua,sumuobis‚seilicet
737 4212 851 4283 mundo,
866 4218 915 4268 out
933 4217 972 4267 est
987 4214 1218 4284 concupiscentia
1231 4213 1321 4275 cumb,
