2820 4928
85 304 133 365 846
444 309 602 368 SECUNDA!
628 313 752 369 ellitls
779 310 884 367 otini
912 310 969 365 tvl

87 432 119 477 se
131 416 241 500 species
252 416 335 490 panis
350 424 561 492 converterent,
576 425 606 479 et
619 422 675 495 ipsi

87 489 118 548 in
146 488 288 546 Christum
316 496 562 549 converterentur.
594 495 675 552 Unde

88 562 264 631 dopositum
276 579 282 618 :
295 580 309 613 o
323 564 433 619 Dictum
448 570 520 621 esta
535 564 674 623 Domino:

90 634 147 690 Nec
162 638 192 690 tu
208 648 253 689 me
266 635 389 691 mutabis
403 633 432 691 iii
448 639 569 706 te,sicut
579 637 675 696 cibum

89 703 186 762 carnis
195 710 262 771 tuae,
273 704 324 761 sed
335 710 365 763 tu
380 706 537 765 mutaberis
550 711 577 765 in
592 725 648 766 me.
661 729 675 763 i>

88 779 126 834 st
151 778 193 832 ait
217 793 224 832 :
254 778 381 849 Accipite
407 783 433 835 et
458 782 599 850 comedite,
627 780 675 837 uhi

89 852 239 917 utramque
269 849 354 921 huius
380 851 550 908 sacramenti
584 851 677 910 innuit

91 924 305 1002 comestionem.
334 926 570 981 sacramentalem
598 923 675 981 scili-

91 996 155 1060 cet,
183 998 212 1047 et
242 991 439 1065 spiritualem,
472 1000 504 1052 ut
536 995 677 1069 accipiant

91 1068 187 1120 mente
209 1070 237 1119 et
253 1080 381 1137 corpore,
402 1074 431 1123 et
445 1067 596 1125 comedant
620 1066 677 1123 tide

91 1140 120 1192 et
141 1150 202 1206 ore,
217 1150 250 1191 ac
271 1141 385 1218 gustent
403 1143 431 1194 et
453 1138 570 1197 videant
590 1140 676 1196 devo·

90 1206 180 1276 tione,
193 1223 328 1289 quoniam
344 1209 439 1267 suavis
462 1216 506 1267 est
529 1211 677 1282 Docimus,

90 1282 135 1337 est
160 1294 236 1335 enim
266 1296 370 1337 manna
391 1283 418 1338 in
442 1298 544 1350 sapore
570 1284 679 1341 habens

91 1365 177 1432 omne
198 1350 448 1421 delectamentum,
469 1360 497 1410 et
520 1355 613 1412 omnis
632 1371 678 1411 sa·

91 1437 170 1495 poris
181 1422 349 1480 suavitatem
362 1442 369 1491 ς
388 1441 421 1482 ac
431 1425 679 1500 sibiincorporent

91 1493 313 1565 recogitatione,
339 1502 485 1554 servantes
523 1499 553 1555 in
593 1501 679 1555 corde

92 1567 215 1637 pretium
239 1566 443 1639 redemptionis
464 1585 533 1626 suae.
552 1572 613 1627 lion
636 1574 680 1626 est

92 1651 160 1706 ergo
185 1635 227 1693 sic
247 1635 474 1709 intelligendum,
499 1641 577 1710 uuod
598 1642 678 1722 prius

90 1707 237 1790 frangeret
252 1713 281 1764 et
299 1707 381 1765 daret
399 1709 458 1767 suis
473 1712 630 1783 discipulis,
645 1727 679 1768 ac

92 1783 191 1852 postea
210 1779 317 1835 diceret
338 1781 426 1838 rerba
444 1782 678 1852 consecrationis,

92 1851 141 1907 sed
164 1866 210 1906 ms
231 1849 283 1908 'se
301 1867 449 1923 converso,
465 1854 533 1927 quia
551 1853 679 1912 Christus

92 1920 173 1979 dedit
232 1938 318 1996 orpus
360 1941 443 1982 suum
481 1933 680 1984 consecratum

92 1994 246 2066 Apostolis,
262 2001 291 2052 et
312 1995 376 2054 ideo
398 1997 477 2071 prius
503 1998 574 2056 dixit
594 2000 681 2056 verba

733 418 838 479 delicet
851 416 986 475 ostendat
1001 416 1077 490 quid
1093 413 1323 492 unusquisqnein

732 490 847 561 llagello
861 488 951 559 culpe
964 489 1102 561 propriae
1111 490 1209 547 lacere
1223 491 1323 557 debeat,

731 564 755 622 si
783 564 843 636 ipsc
869 561 1079 634 equanimiter
1104 562 1224 633 tlagella
1245 562 1322 631 culpa

731 636 834 694 alienae
844 638 955 706 portat;
970 641 1002 688 iit
1015 632 1086 690 hinc
1097 633 1190 690 etiam
1202 635 1324 692 ostendat

732 707 801 792 quid
819 706 849 762 in
865 703 1048 776 correptione
1069 704 1165 762 iaciat
1190 706 1323 773 subditus,

731 797 755 838 si
785 779 813 836 in
838 776 950 849 llagello
998 775 1092 834 ositus
1121 777 1203 834 Patri
1228 776 1324 849 gratias

731 851 791 925 agit
806 847 933 921 aqualis.
949 871 960 898 ι
1006 849 1096 906 eiiide
1116 850 1273 916 benedico,
1286 850 1324 904 di·

732 939 793 981 cens
805 942 814 979 ε
826 924 877 978 llic
889 924 929 976 est
943 924 1063 990 sompnis
1073 937 1165 990 meus,
1181 920 1245 994 qui,
1258 920 1324 977 scili·

732 1001 778 1053 cet
791 995 844 1052 sub
863 991 957 1064 specie
971 991 1031 1048 vini
1047 996 1272 1066 apparentium
1286 994 1325 1049 Te

732 1068 871 1129 stomenti,
889 1063 1046 1121 scilicetad
1068 1064 1143 1122 Novi
1168 1067 1325 1121 Testameu·

732 1138 754 1195 ti
782 1135 1054 1204 confirmationem
1086 1135 1244 1208 quoniam,
1260 1135 1323 1193 sicut

733 1213 822 1268 Vetus
839 1212 1050 1266 Testamentum
1066 1209 1278 1265 confirmatum
1290 1213 1326 1264 est

733 1278 1326 1347 insanguineanimaliumimmolatorum,

735 1356 774 1411 ita
788 1358 817 1410 et
831 1354 938 1409 Novum
954 1355 1179 1408 Testamentum
1196 1350 1327 1424 sanguine

735 1423 838 1485 Christi
860 1426 1061 1481 contirmatum
1087 1433 1145 1494 est,
1163 1426 1194 1480 in
1211 1439 1269 1494 quo
1285 1439 1327 1503 ap

735 1503 816 1571 paret
842 1494 1009 1552 excellentia
1039 1495 1115 1552 Nori
1146 1498 1326 1559 Testamenti,

735 1573 865 1637 respectu
880 1566 1000 1623 Veteris.
1017 1568 1052 1622 lit
1067 1566 1153 1624 addit
1171 1584 1180 1623 z
1195 1566 1274 1634 Quod
1284 1579 1326 1646 pm

734 1642 812 1697 uobis
825 1644 851 1696 et
862 1654 913 1711 pro
927 1640 1033 1706 multis,
1050 1637 1252 1704 redimendis,
1263 1643 1289 1695 et
1301 1651 1327 1692 in

735 1714 880 1769 coelcstem
892 1711 1083 1766 hereditatem
1100 1707 1326 1777 introducendis,

734 1784 892 1855 effundetur
901 1785 931 1837 tn
943 1784 1136 1838 remissionem
1147 1786 1324 1853 peccatorem.

735 1857 809 1913 Dicit
830 1858 936 1923 autem,
952 1869 1005 1934 pro
1027 1855 1141 1917 maltis,
1165 1851 1324 1913 efficienter,

737 1926 787 1984 sed
811 1942 861 1996 pro
882 1925 1026 1992 omnibus,
1043 1923 1232 1982 sufficienter
1246 1941 1254 1979 z
1267 1923 1328 1995 quia

737 1996 853 2071 sanguis
872 1994 976 2053 Christi
996 2010 1050 2068 pro
1069 1995 1214 2053 omnibus
1230 1995 1327 2053 eliusus

93 2066 328 2125 consecrationis.
347 2070 401 2126 Per
418 2072 526 2140 iesum,
542 2072 590 2143 qui
605 2072 682 2126 sotus
737 2070 800 2140 tuit,
825 2072 961 2139 quantum
987 2068 1023 2124 ad
1041 2066 1263 2133 sufficientiam,
1283 2063 1327 2121 sed

93 2135 309 2221 interpretatur,
322 2142 414 2197 bonus
425 2143 563 2200 Praelatiis
578 2141 682 2200 Christi
738 2157 797 2198 non
811 2141 863 2197 luit
877 2139 985 2196 eliusus
1002 2154 1053 2211 pro
1068 2139 1220 2209 omnibus,
1237 2153 1327 2210 quan-

94 2207 227 2278 vicarius,
251 2217 279 2267 ct
304 2213 340 2267 de
367 2229 417 2269 sua
447 2213 683 2285 subditorumque
738 2219 799 2270 tum
814 2212 849 2268 ad
865 2210 1145 2283 eiilcieutiam,quia
1161 2227 1220 2267 non
1236 2223 1328 2265 omues

96 2280 186 2337 salute
199 2281 346 2345 sollicitus,
361 2281 538 2355 intelligitur.
550 2284 600 2340 llic
611 2283 681 2341 acci·
710 2306 713 2355 l
738 2284 883 2351 emundat,
904 2280 1034 2352 quamvis
1049 2298 1156 2339 omncs
1174 2280 1328 2339 emundare

93 2352 135 2424 pit
157 2367 271 2424 panem,
285 2368 349 2408 cum
362 2353 515 2423 diligenter
527 2356 622 2411 studet
635 2357 683 2412 Sa·
710 2358 713 2459 i
739 2356 892 2421 sufficeret,
903 2354 925 2410 si
941 2354 998 2410 lide
1011 2361 1039 2409 ct
1053 2353 1223 2422 dilectione,
1243 2368 1277 2409 ac
1291 2366 1328 2408 se·

94 2438 150 2480 crae
172 2423 338 2496 Scripturas,
359 2424 466 2497 gratias
481 2442 548 2483 vero
573 2427 632 2500 agit
654 2430 683 2483 et
738 2432 949 2484 crementorum
964 2424 1153 2497 perceptione
1167 2424 1287 2481 virtutes
1300 2437 1326 2478 e·

95 2493 250 2560 benedicit,
267 2498 381 2567 quando
403 2498 461 2554 Dco
476 2498 607 2555 attribuit
621 2499 682 2570 eius
710 2466 714 2559 Ι
736 2500 783 2572 jus
793 2500 863 2554 attin
886 2507 977 2554 erent.
990 2496 1100 2553 Deinde
1113 2496 1196 2552 dedit
1211 2494 1328 2559 iilis,di·

95 2565 293 2639 diligcntiam;
318 2568 424 2639 frangit
451 2574 546 2627 autem
573 2575 601 2626 et
621 2571 682 2639 dat,
711 2562 714 2635 i
739 2514 964 2628 cens:Di{iteec
973 2570 1022 2625 lioc
1034 2584 1138 2637 omnes,
1149 2574 1184 2624 ut
1195 2566 1259 2623 sitis
1270 2567 1330 2624 Pas·

94 2638 195 2695 devote
207 2640 390 2711 praedicando
405 2657 479 2698 cem.
496 2645 631 2699 Econtra
644 2642 680 2698 de
711 2638 714 2687 l
739 2640 828 2699 sionis
853 2657 924 2698 meae
949 2637 1272 2712 representatores„id
1290 2639 1331 2718 est

94 2708 245 2782 ignorante
273 2720 302 2768 et
328 2711 500 2785 negligente,
526 2712 630 2770 dicitur
652 2713 682 2769 in
739 2711 892 2771 imitamini
907 2707 1329 2789 meamPassionem,quianisi

95 2782 215 2839 'ibrenis
231 2801 238 2839 :
254 2786 369 2840 Pacuuii
383 2787 520 2854 petierunt
531 2801 641 2857 panem,
656 2789 682 2840 et
739 2783 963 2855 compatiamini,
979 2800 1036 2839 non
1049 2781 1280 2860 conregnabitis.
1290 2781 1330 2836 Bi·

95 2870 150 2912 mon
172 2859 231 2910 erni
248 2857 297 2925 qm·
311 2858 454 2924 [rumperet
467 2860 516 2913 eis.
738 2856 780 2915 bit
811 2861 906 2912 autem
936 2853 996 2927 ipse
1027 2853 1121 2926 primo
1156 2855 1329 2934 Sanguinem

131 2931 147 2994 4
163 2928 326 2984 Lanuuinus
345 2946 424 2985 aricii
444 2946 471 2984 in
487 2945 683 2986 rmuunarionn
710 2968 713 2999 ,
739 2944 833 2997 suum,
850 2926 987 2985 inducens
1002 2942 1051 2984 eos
1070 2925 1214 2982 etiamad
1235 2925 1328 2982 biben-

95 2999 219 3055 Doiiiuus
237 3017 505 3064 runnioireinuirnuir
522 3018 607 3058 insius
630 3017 683 3056 cu-
711 3004 714 3039 ¹
739 3001 816 3058 dum.
834 3000 868 3054 Et
882 2999 1049 3067 notandum,
1067 2997 1145 3068 quod
1161 2995 1239 3054 sicut
1254 3000 1329 3063 tune,

96 3085 159 3126 uici.
185 3102 221 3112 -
243 3075 280 3129 Et
308 3075 445 3144 occipiens
471 3074 594 3145 calicem,
618 3086 683 3129 cum
711 3082 713 3141 ζ
738 3071 779 3129 ita
794 3078 823 3128 ct
846 3073 874 3127 in
891 3070 1035 3144 primitiva
1054 3066 1184 3125 Ecclesia
1199 3068 1330 3123 homines

95 3141 161 3199 rino
186 3159 263 3215 aqua
290 3142 387 3208 millo,
408 3145 573 3202 Passionem
603 3159 683 3201 suam
711 3144 713 3185 ¹
739 3142 789 3216 qui
810 3144 903 3199 missae
921 3141 1090 3210 intererant,
1105 3140 1266 3196 sumebant
1289 3153 1330 3194 sa·

95 3213 329 3286 praesignantem,
346 3219 455 3284 prutina
478 3221 545 3286 epit,
560 3231 612 3289 pro
637 3231 682 3273 re·
711 3224 714 3257 ¹
738 3219 917 3272 crementum
946 3211 1086 3280 unitatis;
1115 3227 1193 3268 nunc
1238 3214 1331 3266 autem

97 3284 261 3358 demptione
294 3288 419 3346 humano
452 3291 551 3360 generi
580 3286 685 3345 collata
712 3302 714 3331 i
739 3287 805 3360 quia
827 3302 884 3343 non
907 3291 1028 3358 possunt
1052 3298 1155 3340 omnes
1176 3281 1268 3354 digne
1290 3296 1331 3336 sii·

96 3370 148 3428 per
170 3356 267 3424 illam;
289 3373 341 3413 nec
364 3375 420 3415 non
443 3361 471 3415 in
497 3358 635 3429 advorsis,
655 3363 684 3416 et
739 3373 830 3426 mere,
849 3362 964 3414 sumunt
988 3354 1067 3413 aliud
1091 3354 1195 3411 saltem
1218 3354 1331 3425 signum

96 3441 148 3498 pro
166 3427 305 3495 aitiersis,
319 3430 395 3497 quod
419 3446 476 3486 non
500 3447 551 3501 pro
574 3446 615 3499 se,
633 3429 683 3486 scd
739 3429 868 3498 unitatis,
886 3428 913 3485 id
931 3433 972 3485 est
989 3426 1117 3485 osculum
1138 3424 1238 3497 pacis;
1258 3420 1331 3507 quod

95 3512 147 3626 ssro
175 3497 256 3553 nobis
283 3497 344 3552 liaec
366 3498 441 3567 tulit,
462 3506 625 3556 monstrans
653 3500 683 3556 in
741 3501 858 3557 tradens
874 3500 1008 3557 sacerdos
1021 3502 1050 3554 et
1063 3496 1164 3553 dicens
1181 3519 1189 3553 t
1204 3498 1331 3575 Accipite

117 3585 151 3626 oc
170 3573 201 3626 ut
221 3569 373 3624 Dominum
395 3569 554 3639 laudemus,
568 3570 683 3642 quando
712 3568 713 3579 ¹
739 3570 885 3628 vinculum
907 3569 994 3643 pacis,
1011 3568 1088 3626 idem
1110 3572 1155 3624 est
1177 3582 1213 3625 ac
1239 3566 1263 3624 si
1285 3566 1330 3623 di-

96 3640 211 3714 flagella
236 3640 376 3711 videmus,
390 3648 418 3697 et
437 3640 545 3715 gratias
564 3656 684 3711 agamus
739 3650 817 3700 cerei
837 3661 843 3699 :
862 3644 969 3700 Sumite
992 3657 1025 3698 ex
1052 3641 1107 3696 boc
1136 3654 1256 3707 omnes,
1279 3637 1330 3703 rel,

95 3713 126 3771 in
142 3714 220 3771 omni
236 3712 431 3782 tribulatione,
446 3730 511 3786 quae
533 3712 683 3787 significe-

95 3789 144 3843 tur
156 3788 183 3843 in
194 3786 310 3843 nomine
320 3785 425 3843 calicis.
437 3788 516 3844 Unde
529 3788 685 3856 chrysosto-

94 3874 156 3914 mus
182 3875 188 3914 :
216 3880 231 3910 o
257 3858 370 3916 Gratias
397 3857 465 3930 egit,
494 3857 600 3916 docens
633 3875 686 3916 nos

95 3929 221 4058 gualiter
238 3937 350 4002 oportet
362 3930 416 3987 hoc
436 3930 601 4002 mysterium
617 3946 685 4003 per-

118 4018 191 4066 cere,
213 4008 241 4058 et
262 4002 396 4059 erudiens
416 4018 467 4058 nos
486 4001 685 4073 quodcumque

97 4072 683 4200 ssatimurcumgratiarumactioneierre.ii

122 4144 178 4201 nde
197 4150 225 4200 ot
247 4147 322 4201 Dedo
338 4163 344 4201 :
359 4165 373 4197 «
392 4146 444 4215 Qui
468 4144 539 4202 nihil
564 4142 686 4214 dignum

95 4215 280 4288 percussione
312 4217 451 4287 exhibuit,
474 4214 623 4273 humiliter
655 4214 685 4271 in

95 4285 280 4359 percussione
305 4287 472 4347 benedicit:
496 4294 526 4348 ut
548 4285 617 4348 hinc
638 4285 685 4344 ii-

740 3713 872 3787 accipite,
895 3721 923 3770 et
949 3712 1066 3770 dividite
1095 3710 1173 3768 inter
1198 3727 1264 3767 ros.
1279 3708 1330 3767 Per

740 3785 857 3843 calicem
871 3784 1031 3866 persecutio
1045 3781 1178 3864 signatur
1195 3784 1226 3838 in
1240 3778 1332 3863 Sacris

741 3856 894 3930 Scriptucis
911 3873 918 3913 ε
935 3858 980 3913 bio
994 3853 1065 3913 calix
1077 3860 1216 3924 sumitur,
1226 3861 1332 3934 patieu-

741 3933 785 3986 ter
799 3928 949 3986 tolerando
963 3945 970 3997 ;
986 3933 1015 3986 et
1030 3926 1117 3983 datur
1135 3924 1214 3992 eliis,
1230 3925 1270 3982 ad
1288 3940 1329 3981 si-

742 4000 809 4057 mile
824 4000 1012 4073 exhortando.

778 4078 793 4127 5
811 4073 866 4129 Curi
882 4089 930 4128 soii
947 4086 1052 4129 curiam
1067 4087 1160 4127 srncis
1174 4083 1332 4127 insrirurnii

742 4161 839 4201 ruanis
861 4145 1048 4200 Eueuanisriie
1071 4159 1282 4201 sacuaunnrnii.
1300 4169 1332 4182 ·-

742 4215 954 4272 Advertendum
978 4219 1073 4272 autem
1095 4213 1174 4296 quod
1194 4213 1272 4271 istud
1289 4226 1331 4292 se·

743 4290 921 4346 crumentum
940 4287 993 4345 sub
1008 4284 1115 4359 duplici
1131 4283 1243 4358 specie,
1258 4283 1331 4342 scili·
