2820 4928
139 464 184 519 att
344 499 350 510 .
498 458 657 514 SECUNDAE
684 454 809 512 lintis
836 455 939 512 CAPUT
971 454 1019 511 tlt

140 567 332 654 appretiatur,
341 580 427 651 quam
439 579 508 649 rem·
517 567 616 648 ipsam.
632 564 721 636 Unde,

139 659 163 699 s1
178 657 240 768 quis
254 645 282 698 te
294 638 524 696 minorisvalorrs
535 654 566 694 in
579 637 663 695 corde
672 653 722 694 suo

139 719 168 770 et

138 784 272 854 turberis,
288 787 316 841 et
328 782 450 840 maxime
469 781 498 839 in
513 797 600 839 eausa
614 779 684 850 Dei;
700 777 725 836 si

138 855 214 913 enim
228 855 289 928 ipse
305 854 442 912 Dominus
465 858 493 911 et
523 855 652 911 Salvator
671 868 724 908 no·

138 933 207 997 ster,
223 928 270 1001 qui
292 932 335 985 est
350 941 493 985 summum
508 926 625 995 bonum,
642 928 671 981 et
684 924 727 980 in-

138 1000 227 1057 linitae
244 999 392 1063 bonitatis,
413 999 442 1056 in
466 1013 523 1081 quo
546 1002 612 1055 sunt
627 1011 726 1053 omnes

139 1072 267 1129 thesauri
290 1070 441 1139 reconditi,
457 1070 593 1142 dignatus
615 1074 660 1126 est
672 1084 725 1140 pro

138 1144 222 1202 nobis
238 1149 299 1201 tam
313 1143 361 1200 vili
375 1148 403 1200 et
422 1140 523 1225 exiguo
538 1141 630 1215 pretio
649 1139 724 1197 assti-

140 1214 224 1285 mari,
252 1231 285 1273 ae
307 1214 391 1272 vendi
409 1221 439 1272 et
457 1213 591 1287 vilipendi
607 1213 723 1284 injuste,

139 1304 193 1346 nos
206 1287 254 1360 qui
273 1289 413 1345 veraciter
426 1285 507 1356 viles,
523 1291 551 1342 et
566 1286 602 1342 ob
616 1286 671 1342 hoe
686 1283 724 1340 ui·

141 1356 318 1433 lipensibiles
328 1357 468 1441 sumus2si
486 1357 658 1415 conditionis
672 1372 724 1413 no·

142 1436 208 1489 strae
220 1430 365 1488 miseriam
376 1445 504 1504 aspicere
518 1429 660 1494 volumus,
674 1444 725 1486 cur

140 1518 198 1560 non
210 1519 263 1576 pro
276 1502 388 1560 Christo
404 1500 551 1573 vilipendi,
565 1500 623 1558 imo
643 1500 724 1557 nihi-

140 1573 247 1646 lipendi
264 1573 407 1646 patiamur
425 1572 522 1645 J'uste‘l
544 1572 624 1628 Unde
645 1572 724 1629 Psal-

140 1660 203 1702 mus
219 1667 226 1702 ε
241 1648 300 1714 Epo
312 1650 425 1725 propter
440 1649 465 1700 te
483 1646 605 1699 sustinui
624 1659 724 1716 oppro-

141 1717 211 1773 bria.
240 1746 275 1759 -
301 1719 428 1773 Tertium
453 1716 654 1772 documentum
670 1719 723 1785 est,

142 1787 219 1861 quod
240 1788 326 1845 homo
344 1787 431 1845 debet
449 1787 574 1845 rendere
599 1788 725 1859 seipsum

140 1877 192 1934 pro
206 1875 307 1933 regno.
325 1859 353 1917 Si
361 1858 440 1917 enim
453 1875 576 1933 regnum
589 1860 725 1917 eoelorum

141 1931 242 1991 renale
260 1940 314 2004 est,
330 1936 359 1990 et
371 1937 482 1990 tantum
497 1932 572 1990 valet
586 1935 725 2005 quantum

138 2005 245 2075 habes3
259 2005 309 2063 sed
324 2009 355 2061 tu
369 2004 439 2062 nihil
458 2005 547 2062 habes
566 2003 669 2062 melius
683 2008 725 2060 te-

138 2076 211 2150 ipso,
231 2076 323 2134 rende
344 2092 412 2148 ergo
432 2078 554 2149 teipsum
568 2092 621 2204 fro
637 2091 725 2158 regno

138 2147 286 2214 coelorum,
303 2146 376 2204 sicut
390 2147 516 2205 Christus
531 2165 566 2204 uo
579 2147 620 2204 uit
630 2147 725 2218 vendi,

139 2222 171 2276 ut
183 2218 266 2275 nobis
275 2218 436 2290 acquireret
446 2234 566 2290 regnum
577 2218 724 2276 eoelorum.

176 2293 191 2345 5
207 2291 277 2357 Qum
293 2305 460 2346 uscooiraun
474 2307 559 2346 nunsr
581 2291 725 2347 Cumsrm·

137 2376 189 2417 uus
203 2377 274 2418 siue
287 2377 468 2418 vsunrrrousu
482 2362 637 2418 uenimus?
649 2362 726 2418 —ln

138 2432 293 2491 recolendo
309 2432 395 2490 istum
410 2432 573 2504 articulum,
588 2432 726 2507 recogitet

139 2504 226 2562 homo
246 2503 386 2562 vilitatem
401 2521 492 2575 suam,
517 2504 585 2578 quia
603 2505 628 2562 si
646 2506 724 2577 justo

140 2576 233 2650 pretio
258 2577 393 2635 aestimari
415 2578 542 2645 deberet,
561 2577 608 2634 rix
633 2593 725 2634 unum

143 2649 258 2706 obolum
274 2650 392 2720 valeret,
403 2648 461 2706 imo
472 2649 554 2719 nihil,
570 2651 598 2705 in
609 2665 724 2721 compa-

143 2720 257 2777 ratione
272 2721 385 2789 Christi,
401 2720 449 2794 qui
461 2725 519 2777 tam
533 2720 633 2793 exiguo
644 2727 671 2778 et
686 2721 725 2778 vi·

139 2790 158 2848 li
172 2792 264 2865 pretio
279 2793 409 2850 venditus
421 2800 474 2850 est.
489 2795 569 2863 ltem,
587 2793 725 2866 recogitet

137 2880 174 2921 an
183 2863 243 2937 ipse
252 2881 386 2939 umquam
397 2863 540 2922 Christum
546 2864 722 2922 vendiderit:

137 2935 241 3008 ipsum,
254 2943 283 2995 et
298 2937 432 2994 mandata
448 2939 519 3008 eJ'us,
533 2953 584 3009 pro
601 2954 632 2994 re
646 2943 723 2993 tem-

136 3008 228 3080 porali
245 3008 287 3066 vel
298 3027 351 3082 pro
361 3008 548 3066 delectatione
559 3008 725 3066 transitoria

138 3080 308 3138 deserendo.
334 3085 415 3150 Item,
443 3080 581 3152 recogitet
601 3081 725 3153 qualiter

73 3202 77 3207 .
139 3150 200 3224 ipse
227 3152 371 3210 Christum
399 3152 440 3210 sic
465 3152 611 3209 venditum
635 3152 724 3224 gratis

140 3237 192 3279 sua
210 3238 290 3281 mera
314 3226 440 3281 bonitate
466 3240 499 3281 ac
521 3223 625 3282 uisirit.
642 3228 723 3294 item,

141 3293 208 3374 quia
223 3294 351 3375 Christus
360 3241 543 3353 adnuehodie
552 3295 657 3353 venalis
669 3300 723 3366 est,

140 3365 205 3445 ideo
221 3372 293 3421 sieut
323 3369 412 3423 Judas
439 3370 572 3439 nequiter
597 3367 725 3424 vendidit

140 3433 295 3504 Christum,
304 3438 350 3516 'sie
363 3440 393 3494 tu
407 3451 459 3509 ρει
473 3438 648 3495 contrarium
660 3455 724 3496 cum

139 3505 326 3577 eleemosynis
341 3522 404 3563 eme
423 3506 532 3579 ipsum;
550 3511 595 3565 rel
610 3510 633 3566 si
647 3510 726 3567 aliud

139 3594 199 3635 uon
214 3577 313 3648 habes,
336 3579 372 3636 da
387 3594 439 3651 pro
453 3596 487 3635 eo
503 3595 552 3636 cor
566 3584 655 3651 tuum,
671 3582 726 3640 hoc

139 3650 215 3708 enim
231 3648 375 3708 desiderat
388 3666 447 3723 prae
464 3650 542 3709 omni
559 3668 591 3709 re
613 3655 724 3724 mundi,

136 3723 216 3795 juxta
226 3722 298 3780 illud
313 3722 453 3797 Sapientis
476 3741 483 3780 :
499 3726 600 3797 Praete,
613 3727 666 3797 fili,
682 3743 727 3782 cor

141 3800 218 3853 taum
231 3797 311 3852 mibi.
331 3797 413 3865 item,
430 3794 559 3868 quilibet,
576 3804 726 3870 quantum-

140 3882 261 3940 cumque
285 3867 436 3940 perieelus,
451 3883 508 3924 non
522 3876 677 3940 praesumat
691 3871 727 3927 de

141 3939 248 4013 seipso,
267 3955 330 3998 cum
345 3939 425 3997 audit
436 3938 541 3996 Christi
556 3942 725 4013 apostolum,

142 4012 309 4085 Magistrum
324 4019 352 4070 et
363 4011 614 4081 Dominumsuum,
628 4013 685 4070 imo
699 4017 728 4071 et

140 4083 230 4140 Deum
250 4089 279 4140 et
297 4086 462 4142 Creatorem
477 4082 613 4152 omnium,
629 4082 726 4157 prodi·

138 4152 224 4211 disse.
237 4156 281 4223 Et,
299 4156 367 4228 quia
381 4160 482 4229 quarta
497 4153 567 4212 seria
588 4157 725 4214 Dominus

137 4224 190 4281 iuit
203 4225 345 4298 venditus,
357 4227 399 4284 sic
409 4232 488 4286 sexta
496 4225 566 4284 seria
576 4226 723 4284 luiteruei·

133 4295 216 4377 tirus,
231 4295 295 4353 ideo
304 4296 333 4353 in
342 4297 511 4357 memoriam
524 4298 608 4372 huius
622 4299 720 4357 vendi·

130 4367 217 4448 tronis
227 4366 353 4450 Domini,
366 4385 419 4443 per
426 4375 517 4428 totum
527 4386 634 4429 annum
645 4371 720 4446 jeiu-

128 4451 187 4496 nns
202 4438 452 4515 poenitentialibus
464 4439 537 4500 teria
551 4446 653 4515 quarta
670 4458 717 4501 ao·

781 562 905 621 cundum
934 568 1001 633 post
1028 565 1149 620 sextam
1180 564 1262 621 tenet
1281 562 1354 621 loeun

782 634 852 692 ilinc
870 636 915 692 est
926 633 1016 691 etiam
1030 633 1117 707 quod
1133 632 1224 693 multi
1240 637 1363 708 quartiset

192 712 262 770 actis
277 710 502 783 aestimetquam
514 710 586 767 torte
600 710 650 778 sis,
666 724 724 764 nou
780 706 862 765 sentis
882 705 1015 778 Jejunare
1052 711 1286 776 consueverunt,
1307 707 1364 765 nulli

781 794 894 851 quoque
907 777 1062 835 abstinent
1084 795 1103 836 a
1124 779 1270 837 carnibus

782 850 863 921 teria,
874 848 943 922 quia
959 855 1027 907 tune
1037 866 1111 907 caro
1130 851 1247 909 Christi
1262 852 1366 909 tuaen-

782 922 856 992 dita3
873 938 907 978 ex
917 926 985 978 tune
995 920 1089 979 etiam
1104 928 1178 995 post
1193 923 1366 997 seriemqusr

782 998 840 1051 tam
858 992 947 1066 illam,
965 1010 1023 1066 qua
1044 994 1103 1052 suit
1126 996 1279 1065 venditus,
1300 996 1366 1053 tribu

783 1066 885 1124 diebus
900 1066 1094 1150 sequentibus
1107 1067 1204 1125 initia
1218 1072 1247 1125 et
1260 1068 1366 1125 lineebo

782 1155 881 1196 rarum
891 1139 1067 1207 omittimus,
1077 1139 1170 1212 quasi
1182 1139 1269 1198 nobis
1279 1132 1365 1197 ablatus

782 1210 819 1269 sit
838 1212 961 1283 alphaei
974 1228 1086 1282 omega,
1099 1217 1133 1268 et
1146 1211 1363 1284 impiistraditus

817 1288 834 1340 6
847 1284 1031 1343 luomrrruno
1044 1285 1060 1341 J
1064 1301 1222 1342 cononum.
1239 1317 1273 1327 -
1286 1286 1324 1354 lit,
1338 1284 1364 1341 b

782 1362 828 1413 cta
842 1353 929 1428 igitur
943 1355 998 1413 ista
1013 1354 1174 1428 pactione,
1191 1357 1324 1428 quaerebat
1331 1357 1364 1411 le

782 1428 833 1484 dos
856 1431 1109 1500 opportunitatem,
1141 1428 1256 1487 seilicet
1279 1426 1364 1496 loei,et

781 1501 929 1572 temporis,
941 1505 969 1557 et
984 1498 1153 1574 societatis,
1171 1506 1206 1558 at
1219 1500 1364 1558 traderetil

782 1571 1056 1629 tumoeeulteetsine
1065 1571 1364 1646 tarbis,scilioetqu2n

781 1644 818 1701 do
832 1642 953 1717 populus
968 1659 1029 1700 non
1048 1648 1116 1701 erat
1136 1660 1207 1703 cum
1221 1643 1364 1717 discipulis

782 1715 859 1788 quod
875 1718 903 1772 et
927 1714 993 1772 iecit
1008 1715 1136 1774 tradens
1156 1732 1227 1775 eum
1248 1723 1310 1790 post
1322 1731 1365 1774 ee·

781 1803 862 1858 nam,
879 1792 908 1844 et
921 1787 957 1844 de
971 1794 1057 1845 nocte
1072 1804 1148 1845 cum
1165 1787 1197 1845 in
1211 1789 1365 1847 hortoesset

782 1860 914 1929 cumeis,
935 1874 971 1916 ne
983 1874 1036 1931 per
1051 1875 1236 1919 concursum
1251 1865 1279 1918 et
1293 1860 1365 1933 impe·

783 1937 842 1988 tum
857 1929 953 2004 populi
964 1930 1132 2002 tolleretur,
1143 1932 1195 2006 qui
1210 1933 1249 1990 de
1264 1932 1364 1990 dieeutt

783 2003 965 2075 sequebatur.
974 2003 1139 2061 Considera
1147 2021 1229 2062 nune
1240 2003 1364 2078 quonmh

782 2074 918 2132 Dominus
932 2075 1084 2131 Jesustoto
1096 2075 1169 2134 vitae
1180 2093 1245 2134 suae
1255 2081 1363 2150 tempore

782 2162 873 2218 usque
898 2145 982 2203 hodie
1004 2162 1056 2219 pro
1079 2147 1197 2205 Judaeis
1217 2146 1362 2211 laborarit;

783 2219 832 2275 sed
852 2215 906 2291 ipsi
928 2221 1064 2290 tanquam
1090 2218 1207 2277 inorata
1231 2221 1306 2277 mala
1324 2233 1363 2292 pro

782 2290 866 2347 honis
881 2289 1002 2346 Domino
1026 2263 1237 2362 reddiderunt,
1263 2298 1289 2349 et
1313 2293 1364 2363 post

783 2363 887 2419 multas
913 2361 1105 2418 contumelias
1121 2379 1218 2435 usque
1242 2364 1279 2420 ad
1293 2360 1364 2436 ipius

782 2435 956 2506 emptionem
966 2438 995 2490 et
1006 2436 1311 2493 mortemsaerierunt
1322 2434 1363 2490 Dn-

782 2505 818 2563 de
834 2504 875 2563 ait
888 2506 1036 2562 anselmus
1056 2522 1063 2561 ι
1084 2526 1099 2559 a
1119 2508 1247 2565 Demum
1265 2505 1362 2573 venisti,

781 2579 912 2647 Domine,
936 2577 973 2634 ad
989 2592 1057 2634 oves
1073 2592 1142 2659 quae
1182 2578 1308 2636 erierant
1321 2578 1362 2634 do

782 2665 847 2706 mus
870 2648 956 2705 lsrael
996 2596 1194 2708 dirinr'verssi
1218 2650 1361 2724 lampadem

965 2691 1047 2791 llens,
1072 2720 1112 2777 ad
1136 2721 1360 2781 illuminationem

782 2791 859 2850 orbis
879 2798 972 2857 terrae,
993 2797 1022 2850 et
1040 2808 1168 2866 mgnum
1190 2795 1243 2852 Dei
1262 2808 1359 2852 annun·

781 2866 857 2922 tians
877 2863 984 2922 eunctis
1000 2864 1270 2938 obtemperantibus
1288 2865 1358 2944 serbo

781 2942 842 3007 tuo,
872 2952 1033 2994 sermonem
1063 2938 1256 3009 sequentibus
1286 2937 1358 3008 signs

781 3009 969 3077 confirmasti;
997 3013 1025 3066 et
1053 3006 1194 3067 virtutem
1220 3006 1357 3067 divinitatis

782 3086 837 3137 tuae
854 3080 1023 3138 obstendisti
1042 3078 1073 3137 in
1093 3082 1209 3139 eunctis
1224 3082 1295 3139 male
1310 3081 1355 3136 ha-

782 3152 925 3223 bentibus,
936 3152 1032 3210 omnia
1044 3151 1183 3211 omnibus
1198 3154 1285 3227 gratis
1295 3151 1354 3208 exhi·

781 3225 863 3294 heus,
879 3242 943 3297 quae
967 3223 1050 3283 saluti
1075 3225 1208 3297 ipsorum
1233 3238 1356 3298 congrue·

782 3296 860 3366 bant,
876 3301 909 3353 ut
923 3313 1023 3354 omnes
1036 3294 1234 3355 lucritaceres.
1256 3299 1306 3354 Sed
1318 3295 1356 3351 ob

781 3365 1355 3441 scuratumestinsipienscoreorum,Do

782 3442 868 3510 mine,
885 3444 913 3497 et
932 3441 1116 3513 projecerunt
1135 3457 1284 3498 sermones
1302 3445 1354 3495 tuos

781 3516 955 3576 retrorsum;
971 3527 1024 3568 nee
1045 3511 1234 3570 attenderunt
1254 3512 1290 3570 ad
1305 3526 1354 3567 on·

782 3581 830 3639 nia
842 3581 994 3666 mirabilia,
1006 3598 1070 3655 quae
1081 3590 1220 3654 operatus
1233 3601 1263 3642 es
1275 3582 1353 3648 ineis,

784 3654 1354 3782 exceptisKaucrsnobilibusathletis,qnos

784 3725 859 3784 inter
874 3728 903 3783 in
927 3743 989 3784 rma
1003 3732 1032 3783 et
1045 3727 1160 3799 abjecta
1173 3727 1272 3786 mundi
1286 3727 1355 3796 elegr

784 3797 829 3865 sti,
843 3805 875 3856 ut
889 3814 940 3871 per
953 3798 1031 3872 ipsos
1047 3797 1135 3855 sortia
1152 3806 1183 3856 et
1197 3801 1257 3858 alta
1270 3797 1354 3875 mirili3

782 3887 815 3927 ee
843 3886 1033 3942 expugnares;
1066 3885 1122 3927 nee
1151 3871 1248 3930 solum
1269 3871 1354 3942 ingrat

783 3940 1353 4072 sttltihltlttltlsitit

848 4031 863 4069 e
966 4031 982 4070 o
1017 4031 1036 4071 u
1153 4031 1170 4071 a
1196 4031 1300 4073 ecerun

783 4084 934 4143 Dominum
949 4083 1175 4157 dominantium,
1194 4091 1225 4145 et
1244 4087 1352 4145 recerunt

781 4155 811 4213 in
825 4162 854 4214 te
868 4172 1055 4240 quaecumque
1067 4156 1233 4215 voluerunt.
1244 4161 1283 4217 Te
1293 4155 1351 4215 euin

781 4227 901 4286 iaciente
913 4246 929 4286 o
950 4243 999 4286 era
1011 4245 1042 4287 rn
1054 4226 1108 4298 eis,
1117 4244 1183 4301 quae
1196 4246 1285 4288 nemo
1297 4227 1349 4288 aba

779 4299 919 4430 iecitggrO
953 4298 1107 4358 dixerunt?
1125 4303 1190 4361 Non
1203 4307 1247 4360 est
1260 4301 1347 4359 biche

777 4388 852 4429 moa
923 4391 970 4444 ς...
985 4372 1350 4446 bpaoepedaemontam

778 4443 855 4514 0550st
863 4443 1046 4513 monim-⁸·
1058 4442 1225 4505 mim
1235 4446 1349 4516 MMJNJ

782 2721 875 2793 palam
901 2727 963 2778 ento
