2842 4920
220 358 261 410 bi
288 359 376 410 CAECO
403 358 608 414 immittitu
636 364 720 416 tlttl
750 360 944 415 tlrtbisst'll
972 363 1126 415 tilluttu.
1255 372 1295 421 lli

61 467 248 535 impaipeans
261 467 358 535 Deam,
368 463 398 521 id
409 472 452 521 est
462 480 597 538 magnum
610 469 652 525 ‹ti-

59 552 130 594 cens
149 535 242 605 illum,
257 552 315 593 non
337 535 534 609 magnitudine
557 540 652 609 molis,

61 607 113 666 sed
128 607 253 665 uirtutis.
272 610 335 665 lion
351 608 455 666 sutllcit
467 610 563 668 lumen
576 628 652 670 rece·

57 678 148 753 pisse,
164 679 220 737 nisi
234 679 322 738 etiarn
337 678 434 739 lumen
451 688 598 755 sequetur,
616 700 653 741 ne

61 752 193 811 ambulet
213 750 243 808 in
265 751 401 809 tenebris.
424 755 495 810 Ecce
520 771 588 827 ergo
614 756 652 811 si-

59 838 153 897 gnum
172 822 395 882 illuminationis
412 826 557 898 perlecta,
580 832 609 884 et
624 827 653 884 iu

61 898 162 955 anima
178 901 208 953 et
231 896 263 953 in
280 912 410 969 corporo.
433 899 523 967 Unde,
547 916 653 957 seeun-

59 967 131 1026 dum
146 968 296 1051 cyrillam,
310 973 389 1040 patet
402 969 480 1041 quod
496 971 548 1027 iste
561 987 653 1028 caecus

60 1054 79 1097 a
95 1039 208 1112 duplici
227 1044 356 1097 caecitate
373 1039 558 1112 liberabatur,
573 1043 651 1099 scili·

60 1116 107 1169 eet
125 1134 133 1169 ι
156 1127 175 1168 a
189 1112 342 1185 corporali,
358 1117 388 1168 et
404 1114 441 1170 ab
458 1112 652 1185 intellectuali,

61 1184 653 1267 nequeenimeumutlleumgloritlcasset,

63 1254 120 1313 nist
137 1272 202 1314 rere
214 1254 342 1313 vidisset.
356 1255 407 1313 Ubi
422 1263 451 1313 et
464 1260 630 1341 Theophilus
644 1277 651 1314 ε

66 1346 84 1381 a
99 1328 187 1385 Grata
198 1328 275 1385 enim
295 1332 356 1385 erat
369 1328 465 1386 anima
479 1346 556 1399 caeci,
572 1330 602 1386 in
620 1347 653 1387 eo

69 1398 246 1471 quodminus
260 1400 379 1457 allectus
400 1403 496 1458 iesum
512 1418 570 1458 non
586 1402 654 1457 roll—

57 1470 154 1545 ,quin
178 1472 226 1527 sed
249 1476 365 1529 secutus
384 1475 427 1528 est
452 1489 527 1530 eum.
548 1476 581 1530 Et
596 1489 654 1530 non

65 1542 161 1600 solum
176 1542 229 1599 tuit
243 1541 422 1601 illuminatus
437 1561 543 1612 cmcus;
559 1546 609 1601 scd
624 1552 655 1601 et

64 1612 131 1673 aliis
156 1614 250 1672 lactus
275 1620 319 1671 est
342 1618 453 1673 occasio
475 1616 655 1688 glorificandi

62 1686 167 1749 Deum.
185 1692 213 1743 et
226 1686 322 1743 omnis
333 1688 414 1771 plebs
426 1687 586 1745 illuminata
600 1694 654 1758 est,

63 1766 96 1815 ut
110 1756 243 1815 divinum
255 1758 361 1831 aliquid
383 1759 411 1815 in
425 1760 537 1816 Christo
553 1776 656 1831 cogno-

61 1835 169 1887 sceret.
189 1851 204 1879 r
233 1831 313 1887 Unde
339 1831 470 1902 sequitur
490 1854 496 1889 :
520 1835 656 1888 Etorrruis

59 1902 154 1975 plebs,
170 1906 202 1957 ut
211 1902 295 1971 cidit,
305 1904 382 1959 dedit
397 1904 506 1960 laudem
519 1908 584 1973 lieo,
598 1904 656 1975 glo·

62 1972 208 2031 rideando
234 1974 309 2031 iacta
337 1973 398 2044 liei,
429 1975 654 2045 crrngratulando

64 2043 185 2103 utilitati
199 2044 330 2115 proximi.
349 2048 407 2103 lloc
427 2046 503 2103 onim
519 2045 572 2103 sibi
591 2045 656 2103 roti-

64 2120 115 2174 net
132 2116 273 2174 [lominus
290 2117 325 2174 do
338 2118 485 2175 beneficiis
499 2120 567 2183 suis,
584 2117 656 2174 scili-

65 2194 112 2246 cet
124 2188 257 2261 gloriam.
272 2190 352 2247 Unde
363 2190 401 2247 ait
415 2209 421 2249 :
435 2192 558 2247 Gloriam
569 2207 655 2246 meam

64 2262 154 2317 alteri
167 2277 222 2317 noa
235 2262 323 2330 dabo;
341 2262 423 2319 nobis
434 2268 529 2320 autem
540 2260 655 2333 reliquit

66 2331 234 2389 utilitatem.
252 2335 286 2389 lit
302 2340 381 2403 nota,
401 2335 557 2391 secuudum
574 2335 653 2391 Glos-

64 2420 140 2473 aam,
165 2412 289 2475 quatuor
312 2422 411 2463 causas
437 2406 518 2463 istius
537 2405 653 2463 luridis:

64 2476 162 2559 prima
180 2482 225 2532 est
250 2492 302 2549 pro
327 2478 506 2535 exauditione
523 2477 655 2534 clamoris

68 2547 156 2605 istius
170 2550 325 2621 pauperis;
342 2550 477 2619 secunda,
494 2566 545 2622 pro
558 2556 657 2621 poten-

64 2619 107 2678 tia
121 2626 153 2676 et
169 2620 367 2679 misericordia
382 2620 656 2689 illuminantis31er·

67 2695 120 2759 tia,
151 2706 205 2763 pro
235 2693 386 2765 impetrato
418 2710 537 2750 munere
565 2694 655 2763 lucie,

65 2770 185 2837 quarta,
200 2765 368 2837 promerito
384 2766 452 2821 llrlei
472 2767 534 2893 egus
555 2766 603 2836 qui
622 2763 655 2819 il·

67 2835 226 2894 luminatus
240 2842 292 2893 est.
309 2837 470 2895 Secundum
507 2839 656 2905 reperires,

67 2907 137 2981 quia
162 2908 293 2965 carnales
318 2910 410 2966 adbuc
432 2908 574 2981 discipuli,
600 2923 657 2963 non

70 2978 206 3035 valebant
218 2996 320 3053 capere
339 2982 426 3039 verba
445 2980 583 3053 mysterii,
604 2996 658 3035 ro-

74 3048 155 3107 nitur
175 3051 212 3107 ad
241 3052 430 3121 miraculum
464 3059 532 3109 anto
559 3066 658 3109 eorum

76 3120 279 3181 muloscaecus
305 3126 401 3182 lumen
428 3124 538 3197 recipit,
565 3129 659 3180 uteos

75 3192 114 3249 ad
137 3192 220 3252 iidem
254 3196 380 3253 colestia
398 3198 472 3253 lacta
491 3196 657 3252 solidarent.

73 3266 118 3331 Et,
131 3268 287 3325 secundum
304 3270 493 3351 Theophilum,
510 3284 545 3323 ne
563 3266 660 3322 inces-

71 3353 121 3395 sus
142 3338 256 3396 Domini
277 3346 352 3397 esset
371 3339 490 3402 inutilis.
508 3339 574 3395 lecit
593 3336 659 3394 caeci

70 3408 257 3481 miraculum,
282 3413 339 3485 boc,
352 3412 555 3469 documentum
572 3408 659 3467 disci·

69 3479 149 3557 pulis
160 3482 221 3540 suis
235 3484 316 3551 dans,
331 3490 363 3541 ut
378 3484 406 3540 in
422 3482 556 3541 omnibus
571 3480 660 3537 simus

70 3552 208 3629 proficui,
224 3560 252 3613 et
268 3555 340 3614 nibil
359 3554 442 3613 nobis
456 3554 590 3612 otiosum.

105 3630 261 3695 dblrsrree
281 3646 344 3685 anu
368 3644 542 3685 rancursnrro
562 3640 661 3682 eruant

71 3718 188 3759 ueniae
204 3718 359 3757 irrumare.
377 3732 409 3742 -
426 3698 552 3773 llystire,
565 3714 663 3753 secun·

71 3776 144 3832 dum
160 3774 334 3841 deopertum,
350 3788 441 3829 caecus
459 3788 476 3828 a
490 3769 611 3827 Domino
633 3768 663 3823 il·

73 3844 245 3913 luminatus,
260 3845 575 3913 estaenusburnamun
588 3838 663 3911 quod

73 3916 241 4001 inperante
257 3918 347 3988 primo
360 3915 519 3972 claritatem
535 3926 664 3984 supernae

73 3989 151 4047 lucis
175 3989 323 4059 ignorans,
338 3985 530 4044 damnationis
552 4000 610 4067 sucu
628 3988 667 4038 te·

75 4064 186 4117 nebras
204 4059 323 4133 accepit.
340 4059 452 4117 iericho
467 4061 563 4115 autent
583 4061 667 4111 uder-

74 4135 366 4207 promissioneque
376 4127 668 4189 dummenstruisnro·

73 4208 183 4263 mentis
220 4204 376 4273 decrescit,
398 4204 538 4260 delectum
562 4205 667 4281 andrae

74 4274 264 4335 mortalitatis
277 4277 350 4335 bene
364 4274 506 4349 designet.
523 4274 595 4329 Cum
610 4273 669 4355 igr·-

74 4345 669 4420 tur-Conditornosterappropinquation-

707 469 771 535 cbo,
785 474 851 524 tunc.
863 484 953 525 caecus
967 469 1003 525 acl
1019 469 1113 527 lumen
1126 472 1214 543 redit;
1229 477 1296 547 «pria

707 542 774 597 dum
793 539 925 597 (livinitus
945 539 1085 599 delectum
1105 551 1211 601 nostrae
1231 564 1295 604 car·

708 614 752 668 nis
765 611 1064 683 suscepit‚hunanun
1082 632 1173 687 gertus
1190 618 1295 691 lumen,

709 684 784 755 (prod
804 682 951 753 amiserat,
968 685 1085 767 recepit.
1107 687 1158 753 bra
1180 696 1295 749 aterna

708 755 779 811 lucis
790 755 948 812 claritatem
967 764 1066 823 nescit,
1081 776 1173 816 cacus
1189 768 1231 819 est
1245 780 1251 829 ;
1271 763 1295 820 si

707 834 802 885 ardent
815 829 875 899 jani
894 830 922 883 in
947 828 1166 901 llcdemptorem
1188 834 1294 905 credit,

708 898 757 971 qui
781 898 850 955 dixit
871 904 951 968 :Epo
975 917 1036 957 sum
1056 904 1113 965 cia.
1134 910 1199 969 etc.‚
1215 907 1296 977 juxta

707 971 782 1027 viam
796 972 892 1039 sedet;
911 971 934 1027 si
950 988 1018 1029 vero
1033 973 1123 1029 crodit
1143 981 1171 1032 el
1185 984 1294 1047 exorat,

707 1049 739 1100 ut
767 1048 904 1099 aeternum
933 1044 1030 1101 lumen
1056 1044 1185 1117 recipiat,
1215 1050 1296 1119 juxta

709 1116 781 1171 riam
811 1114 888 1169 sedat
918 1120 945 1171 ot
974 1115 1125 1172 mendicat.
1163 1120 1296 1193 Quisquis

708 1202 776 1269 ergo
790 1184 926 1242 caritatis
937 1202 996 1242 strae
1008 1187 1141 1244 tenebras
1154 1192 1294 1261 agrioscit,

709 1257 839 1329 qrrrsrpris
863 1259 917 1314 boe
936 1260 1010 1313 cuod
1031 1260 1085 1313 sibi
1104 1260 1182 1316 deest
1200 1263 1294 1319 lumen

709 1326 875 1387 aternitatis
888 1274 1029 1398 intelligit,
1044 1330 1148 1387 clamet
1163 1334 1296 1391 merltrllis

708 1401 813 1467 cordis,
825 1401 928 1456 claruet
937 1406 964 1456 et
980 1399 1171 1469 roribusoris,
1181 1403 1292 1462 dicens:

707 1476 781 1543 lesu,
798 1475 840 1543 dli
852 1473 951 1543 derebi,
968 1476 1094 1528 rettscrere
1107 1478 1170 1530 treci.
1189 1475 1231 1531 llli
1248 1493 1295 1534 au·

709 1543 1296 1629 {cunonidesurutenientemprecedunt,

709 1623 737 1674 et
763 1632 869 1672 caecum
891 1616 1050 1688 increpant,
1068 1617 1220 1690 designant
1239 1637 1297 1677 car·

711 1688 817 1745 naliurn
837 1687 1048 1769 desideriorum
1067 1691 1174 1761 turbas,
1192 1693 1296 1749 tumul-

711 1767 811 1832 tusque
827 1766 971 1827 stilorum,
983 1777 1058 1831 quau,
1072 1763 1238 1834 priusquam
1252 1768 1298 1821 le·

711 1849 759 1887 sus
784 1832 820 1888 acl
844 1848 894 1887 cor
915 1836 1044 1887 nostrum
1072 1834 1177 1902 verrini,
1193 1835 1297 1907 crigite-

712 1903 819 1959 tioncrn
845 1908 973 1958 nostram
998 1903 1146 1973 dissipant,
1161 1910 1189 1961 ct
1213 1923 1295 1963 rocca

711 1974 805 2031 cordis
820 1973 847 2028 in
863 1976 991 2029 oratioue
1006 1978 1184 2055 perturbant,
1197 1993 1232 2031 ne
1249 1980 1295 2033 le·

711 2063 759 2103 sus
785 2045 821 2102 ed
849 2061 897 2100 cor
924 2044 1142 2101 illuunnandum
1167 2047 1293 2104 accedat.

711 2119 787 2176 Sicut
801 2114 876 2173 onim
893 2117 975 2172 turba
992 2132 1098 2172 cacum
1120 2116 1296 2189 impeditae

711 2192 806 2247 lurnen
831 2188 982 2262 corporale
1001 2187 1134 2271 recipiat3
1151 2189 1191 2245 sir.
1206 2189 1295 2262 spiri-

711 2261 825 2318 tualiter
840 2262 922 2316 turba
937 2261 1152 2332 phantasiarum
1170 2266 1198 2319 et
1217 2264 1294 2335 cogi-

711 2336 850 2389 tationum
874 2333 1038 2403 frequenter
1065 2332 1234 2406 impediunt,
1257 2352 1293 2393 ne

710 2406 807 2461 lurncn
834 2403 933 2473 pretim
959 2404 1105 2475 recipiant.
1124 2407 1179 2463 Sed
1199 2406 1227 2463 in
1256 2425 1290 2464 eo

710 2478 784 2549 quid
813 2493 913 2545 caccus,
930 2491 1013 2547 qtrom
1040 2478 1123 2533 tirrba
1151 2478 1229 2534 inrrc
1251 2484 1290 2547 al,

710 2547 801 2619 magis
815 2549 928 2619 clanmt,
941 2550 1025 2603 datin
1035 2550 1118 2604 nciliis
1131 2496 1292 2621 escrrnpfnm

711 2620 786 2692 quod
803 2624 908 2690 (pirardo
932 2618 1013 2690 plura
1039 2619 1121 2675 uirbis
1141 2624 1293 2676 occurrunt

712 2692 926 2762 impedimenta,
949 2695 1029 2747 tanto
1054 2690 1143 2759 tnagis
1167 2698 1210 2747 est
1234 2692 1291 2747 cla-

712 2765 859 2831 mandum,
874 2767 900 2817 et
915 2767 1021 2833 cptrcurlo
1035 2762 1158 2834 pruritui
1172 2763 1293 2819 tumultu

713 2834 917 2906 cogitationum
937 2833 1103 2903 promititur,
1122 2840 1203 2889 tante
1229 2850 1294 2890 ora·

713 2906 782 2962 lieni
797 2903 933 2961 attentius
945 2909 986 2960 est
1003 2904 1198 2960 insistendum.
1215 2906 1295 2961 Unde

714 2981 893 3043 ilioroupntus
912 2992 918 3031 :
937 3000 949 3023 ιι
966 2974 1182 3031 tnnnninanun
1200 2982 1295 3032 aulem

715 3049 794 3105 multi
819 3046 844 3103 ei
868 3054 898 3102 ut
919 3050 1020 3113 taceat,
1043 3046 1109 3117 quia
1135 3052 1250 3119 peccatu
1269 3055 1297 3104 et

714 3118 855 3178 dauuuuia
865 3125 1047 3187 compes-runt
1060 3120 1214 3175 clamorem
1229 3136 1298 3192 pau-

714 3192 799 3265 peris.
817 3192 871 3247 Sed
885 3190 932 3246 illu
948 3189 1040 3261 tnagis
1055 3190 1296 3263 cinnamaque,

715 3268 898 3335 gravescente
914 3262 999 3329 bello,
1011 3278 1111 3319 manus
1126 3262 1163 3319 ad
1173 3262 1298 3335 lapidem

716 3334 860 3407 adiutorii,
876 3335 928 3389 boe
943 3340 985 3391 est
998 3337 1094 3391 Jesrrm
1110 3337 1296 3405 Nazarenum,

716 3424 778 3464 curn
799 3407 924 3462 clamore
941 3407 1068 3464 locandae
1093 3413 1168 3464 sunt.
1187 3432 1199 3459 n
1217 3410 1298 3467 Unde

716 3484 743 3536 el
761 3481 880 3548 cyrillus
905 3496 911 3536 ;
939 3482 1163 3551 «increpabant
1185 3499 1249 3539 curn
1269 3486 1299 3538 ui

717 3556 842 3615 taceret;
862 3549 911 3605 scd
926 3567 977 3622 per·
994 3550 1178 3609 inbibitiunes
1197 3555 1299 3627 hujus-

716 3622 792 3679 modi
802 3638 858 3677 uon
874 3621 1081 3691 impediebatur
1092 3626 1153 3696 ejus
1168 3626 1298 3683 aridai-ia.

717 3693 798 3751 Novit
809 3692 885 3749 enirn
901 3692 971 3773 tides
981 3696 1112 3751 ‹irrrnibus
1126 3713 1298 3769 capuanare,

718 3772 746 3823 ot
773 3766 801 3820 in
831 3780 927 3821 orrrrua
954 3765 1141 3839 triumphare:
1163 3771 1231 3825 utile
1257 3775 1297 3823 cst

719 3835 793 3894 enirn
810 3854 862 3909 pro
878 3837 954 3892 cultu
972 3838 1067 3894 divino
1091 3840 1229 3911 pudnrcru
1251 3839 1300 3893 de-

720 3926 835 3992 ponere.
848 3930 862 3961 »
872 3910 942 3965 llam
956 3911 978 3965 si
995 3927 1080 3967 carna
1096 3909 1222 3982 pecunia·
1237 3913 1304 3963 suni

721 3982 901 4051 impudentes
918 3984 1056 4045 rronrrulli.
1074 3998 1161 4052 errrore
1180 3997 1229 4049 pru
1243 3978 1304 4034 arri-

723 4069 776 4110 mce
792 4054 881 4110 salute
896 4072 953 4109 uon
969 4055 1049 4111 deret
1067 4056 1169 4107 terrain
1186 4050 1305 4105 inducre

723 4125 928 4197 impudentiam
939 4128 953 4181 ⁸?
969 4128 1094 4182 Sedcuur
1109 4139 1198 4176 caecus
1213 4121 1304 4193 primu

724 4199 870 4265 clamaret,
886 4200 969 4254 lesus
981 4198 1102 4253 transire
1113 4193 1226 4263 dicitur,
1240 4210 1306 4249 cum

725 4275 820 4327 autem
845 4269 935 4326 multo
964 4267 1054 4341 irrepis
1082 4267 1228 4335 clamaret,
1250 4270 1305 4322 stat

724 4344 806 4399 lesus
822 4358 829 4397 t
843 4342 990 4411 aularum
1001 4341 1092 4396 arthur,
1107 4338 1204 4396 turbas
1220 4339 1306 4410 pban—
