2842 4920
477 327 519 383 lid
546 330 681 385 villico
708 328 933 392 ittottttttls.
1278 328 1318 381 tttt

91 428 173 504 quia,
190 430 346 489 secundum
359 432 547 502 Ambrosium,
562 434 623 493 sola
635 433 687 492 mi·

92 501 255 561 sericordia
284 509 329 561 est
354 520 450 562 comes
475 506 685 565 detunctorum.

89 573 143 633 Cui
161 574 250 632 etiam
270 575 493 644 prudentissime
509 595 567 635 nou
593 579 684 636 solum

90 645 231 703 dominus
248 646 348 715 villici,
365 648 415 705 sed
437 649 523 706 etiam
547 650 687 707 Dominus

91 716 224 775 omnium
237 720 413 791 applaudere
429 720 551 788 ridetur,
568 723 686 795 subjun2

89 804 165 917 gens
184 790 221 846 ad
237 790 305 862 quid
320 792 395 848 bane
408 792 623 850 similitudinem
638 795 685 850 de-

110 859 189 918 erit:
211 862 294 931 Quia,
309 860 411 935 inquit,
423 866 479 934 {itii
493 866 576 935 buius
587 865 684 934 seculi,

92 936 122 989 et
139 933 338 1003 tenebrarum,
354 933 383 991 id
403 943 446 991 est
465 935 597 993 homines
612 942 684 994 tem-

92 1003 245 1076 poralibus
260 1005 373 1075 intenti,
392 1012 421 1063 et
439 1013 582 1064 amatores
599 1024 683 1064 mun-

92 1073 134 1143 di,
153 1076 348 1147 pnsdentiores
375 1084 440 1134 sunt
460 1080 529 1205 filiis
551 1081 630 1149 lueis,
654 1082 684 1161 in

90 1149 271 1217 quaeratione
298 1164 350 1204 sue
375 1165 461 1206 carna
473 1149 492 1217 i,
519 1150 546 1205 id
580 1157 624 1207 est
654 1166 683 1207 m

94 1217 287 1289 secularibus,
302 1220 339 1277 ad
354 1235 417 1291 quae
436 1220 570 1279 ridentur
602 1222 682 1278 eniti.

96 1289 187 1357 Quasi
197 1289 276 1346 dicat
290 1309 297 1348 z
312 1291 403 1361 Magis
416 1293 500 1349 astuti
528 1298 557 1350 et
579 1238 683 1350 tgervidi

98 1360 209 1418 suntin
237 1363 402 1420 carnalibus
426 1368 454 1420 et
477 1364 683 1448 temporalibus

95 1432 364 1563 nisibinis
382 1435 683 1580 tttUl'llUpt‘

92 1574 220 1632 tualibus
232 1576 372 1646 deputati,
391 1584 418 1634 et
436 1583 578 1635 amatores
600 1581 684 1636 coele-

88 1645 188 1713 dium,
203 1647 263 1704 sint
286 1648 316 1704 in
340 1648 538 1720 spiritualibus
560 1651 682 1733 negotiis

91 1718 272 1776 exercendis.
296 1720 498 1778 Prudentiores
511 1728 577 1778 sunt
597 1723 637 1778 illi
652 1722 682 1778 in

90 1789 181 1855 malo,
198 1805 286 1861 quam
307 1790 354 1847 isti
381 1795 409 1847 in
428 1793 514 1850 bono.
535 1792 586 1849 Vix
603 1793 681 1850 enim

90 1860 280 1918 inveniuntur
293 1862 393 1934 aliqui,
415 1864 462 1935 qui
484 1868 593 1922 tantam
617 1881 683 1937 pru·

92 1931 224 1989 dentiam
240 1941 380 1991 eteniam
405 1934 511 1992 babent
536 1937 564 1991 in
589 1936 682 2007 neqni-

90 2004 192 2061 rendis
211 2003 294 2062 bouis
307 2007 422 2062 aeternis
436 2012 464 2063 et
489 2007 683 2078 permanenti·

93 2075 158 2137 bus.
173 2082 312 2146 quantam
331 2076 516 2135 calliditatem
533 2083 562 2135 et
576 2079 682 2135 solliri-

94 2146 227 2204 tudinem
249 2146 296 2205 isti
319 2148 425 2205 habent
449 2148 480 2205 in
500 2150 682 2232 acquirendis

95 2218 178 2274 bonis
192 2219 400 2291 temporalibus
423 2224 452 2277 et
470 2221 604 2303 fugitivis.
627 2223 681 2279 Pro

95 2287 141 2345 bis
163 2290 242 2347 enim
258 2291 304 2348 die
325 2297 466 2364 noctuque
484 2291 612 2363 vigilant,
629 2309 682 2349 an-

92 2360 268 2489 gustiantur.
283 2362 425 2425 laborant.
441 2369 470 2420 et
489 2364 581 2421 modis
592 2363 684 2421 omni·

112 2448 147 2489 ns
163 2434 238 2489 tales
249 2432 364 2491 divitias
378 2450 546 2493 coacervare
557 2452 614 2492 non
624 2452 683 2492 ces·

92 2509 169 2560 sant.
188 2504 268 2561 Sicut
282 2505 358 2563 bubo
375 2511 403 2561 et
421 2512 513 2564 cattus
526 2507 630 2564 clarius
644 2506 683 2563 vi·

91 2574 161 2632 dent
177 2575 313 2633 densete
334 2592 421 2648 quam
442 2579 537 2641 bomo,
560 2594 617 2635 nou
647 2579 682 2635 ad

91 2646 249 2719 legendum
264 2647 385 2717 litteras,
400 2649 449 2705 sed
460 2650 496 2706 ad
513 2650 682 2722 capiendum

92 2732 210 2786 mures:
226 2720 268 2775 sie
286 2718 340 2776 fltii
357 2720 444 2776 seculi
461 2723 572 2778 acutius
586 2722 684 2778 vident

90 2804 180 2860 uuam
194 2789 247 2845 lilii
262 2790 343 2860 lucis,
356 2807 413 2848 non
424 2791 460 2848 ad
471 2792 618 2849 sciendum
635 2794 683 2848 Le·

93 2860 359 2990 sallustii
374 2862 592 2991 stillis
606 2864 684 2991 bili

96 3001 371 3085 tlliistenebrarum.
387 3004 494 3061 scilicet
506 2977 689 3078 hujus’secm

98 3072 132 3141 lr,
155 3073 227 3131 vinci
242 3076 421 3133 erubescant.
438 3078 505 3134 ldeo
522 3077 599 3134 enim
621 3079 683 3133 hree

98 3142 203 3217 scripta
214 3151 291 3215 sunt,
309 3152 340 3203 ut
353 3146 495 3204 audiendo
509 3148 681 3221 prudentio-

99 3230 147 3272 res
165 3216 249 3285 flant,
269 3234 327 3275 non
350 3223 445 3276 autem
470 3224 501 3277 ut
523 3218 682 3292 iniquitatis

97 3286 223 3344 villicum
243 3289 393 3360 imitando,
409 3292 536 3348 trandem
551 3292 594 3347 rel
608 3292 682 3418 “Ju'

95 3358 207 3416 stitiam
232 3359 263 3417 in
282 3360 377 3433 aliquo
399 3369 494 3433 agant.
517 3362 567 3420 Ubi
585 3366 622 3420 lie
642 3380 680 3418 a:

93 3430 250 3487 «studiant
270 3436 414 3501 sapientes
436 3435 521 3505 hujus
537 3434 636 3503 seculi,
651 3440 685 3490 ut

91 3502 215 3558 stultam
230 3502 401 3576 sapientiam
425 3505 571 3574 deserere,
589 3509 617 3560 et
637 3520 682 3561 sa-

89 3571 223 3645 pientem
234 3573 683 3649 Ueistultitiamdiscerequeant,

90 3643 686 3720 quantieorumsapientiamdivinamqui-

90 3722 143 3772 tas
159 3715 366 3785 aestimaererit‚
382 3734 454 3789 quos
468 3736 527 3775 non
541 3735 606 3775 rere
620 3736 686 3791 pru·

90 3787 210 3855 dentes,
229 3788 322 3845 sedin
345 3789 530 3860 generatione
548 3806 601 3846 sua
620 3807 685 3862 pru-

91 3858 200 3916 dentes
224 3874 289 3916 esse
303 3866 519 3918 commemorat.
535 3864 617 3918 Juxta
632 3864 686 3919 boe

92 3931 174 4002 quod
195 3929 263 3987 alibi
278 3930 383 3987 dicitur
401 3949 408 3987 ι
424 3935 472 3989 Vas
490 3936 686 4004 quisapieutes

93 4004 163 4057 estis
175 4003 207 4057 in
222 4004 309 4058 ocutis
323 4005 433 4067 uestris,
451 4008 477 4059 et
490 4021 580 4060 eurum
596 4005 686 4059 nobis-

95 4076 229 4145 metipsis
237 4074 406 4145 prudentes!
420 4077 476 4130 Nec
492 4091 550 4131 non
565 4080 594 4131 et
610 4091 686 4131 ama·

97 4148 181 4201 tores
193 4142 259 4200 vitae
277 4152 393 4202 eterne
408 4144 483 4203 titios
505 4145 575 4203 lueis
589 4147 686 4218 appel-

98 4214 202 4283 lando,
230 4215 380 4273 nonaliud
397 4232 446 4274 eos
473 4217 520 4290 qui
545 4218 687 4289 sapientes

98 4292 169 4345 sunt
186 4292 220 4344 nt
231 4287 308 4345 mala
322 4286 436 4355 lactant,
452 4289 525 4347 bene
535 4296 631 4347 antem
649 4289 687 4346 la·

742 451 806 493 cere
821 434 996 503 nescierunt,
1007 449 1091 506 quam
1111 433 1186 490 illios
1198 448 1260 490 esse
1276 437 1320 489 te-

741 508 894 564 nebrarum
911 507 1024 579 arguit;
1049 505 1100 562 lilii
1128 510 1221 562 autem
1238 503 1319 573 lucis,

743 585 770 635 et
796 578 846 634 tilii
868 580 950 651 buJus
973 578 1059 635 seculi
1089 583 1237 641 vocantur,
1266 591 1322 657 quo

742 650 827 706 modu
847 650 895 705 filii
918 650 998 721 regni
1018 655 1046 705 et
1072 648 1124 706 tilii
1144 647 1322 730 perditionis,

741 723 822 794 cujus
836 721 913 778 enim
937 722 1056 792 quisque
1076 721 1135 794 agit
1150 734 1247 791 opera.
1261 734 1323 790 eJus

741 792 960 864 cognominatur
973 798 1001 849 et
1014 793 1090 849 Ulius
1110 814 1117 849 ι
1134 812 1149 841 »
1162 791 1224 847 baec
1234 790 1320 847 Beda.

742 888 757 916 α
778 864 844 934 Sed,
866 865 940 922 beul
967 871 998 921 ut
1012 864 1052 920 ait
1063 866 1255 932 Hieronymus,
1271 876 1324 917 nos

741 934 942 992 tementissimi
968 951 1066 992 sumus
1082 937 1110 990 in
1125 933 1256 1001 terrenis,
1274 932 1323 988 sed

740 1006 917 1079 frigidissimi
938 1006 967 1064 in
986 1006 1165 1074 coelestibus;
1183 1018 1323 1086 summam

739 1078 769 1135 in
783 1079 868 1135 rebus
890 1078 985 1150 parvis
1010 1077 1176 1135 exhibemus
1194 1076 1323 1133 alacrita-

738 1154 808 1217 tem,
820 1151 870 1205 sed
885 1150 921 1207 ad
936 1150 1047 1221 majora
1067 1147 1250 1220 tepescimus;
1277 1160 1324 1228 res

741 1222 863 1278 celerem
893 1222 1034 1278 habituras
1071 1219 1159 1275 linem
1195 1217 1322 1274 anobis

740 1297 915 1363 quaerrmlur,
931 1292 980 1347 scd
995 1309 1040 1349 res
1052 1292 1112 1346 sine
1127 1291 1196 1357 llne,
1216 1287 1323 1344 scilieet

740 1364 867 1420 coelestes
884 1362 1007 1432 divitias,
1030 1360 1206 1419 immortales
1231 1359 1321 1440 bono-

739 1451 795 1501 res,
830 1437 911 1505 pigrn
941 1435 1061 1507 quadem
1094 1431 1321 1489 dissimulatione

738 1506 932 1578 negligimus:
949 1527 963 1558 u
980 1508 1041 1563 haee
1055 1508 1248 1573 Hieronymus.

774 1584 790 1633 6
804 1580 844 1634 Ue
856 1595 969 1634 rnrrmer
979 1594 1129 1636 smmum.
1145 1593 1177 1632 sn
1189 1590 1276 1629 sreurs
1288 1589 1323 1628 sn

738 1667 938 1705 nmuoscmmos
959 1667 1044 1706 rimus
1064 1665 1166 1716 secum,
1183 1660 1324 1726 rrnrosopn

740 1739 872 1777 neers·
892 1720 943 1778 Ubi
969 1721 1139 1788 notandum,
1162 1719 1238 1790 quod
1257 1721 1322 1798 'trt-

737 1795 802 1864 plex
829 1798 871 1849 est
900 1792 1047 1864 sapientia.
1077 1790 1173 1847 Prima
1201 1803 1323 1845 nociva:

739 1869 767 1920 et
781 1863 835 1919 ista
844 1869 886 1920 est
895 1864 1120 1989 carnalisquam
1135 1861 1250 1917 babent:
1261 1874 1325 1940 ara-

739 1935 775 2003 ri,
791 1935 820 1990 in
839 1935 1012 2005 acquirendo
1056 1933 1169 2000 ivitias;
1196 1930 1322 2011 superbi,

739 2006 769 2062 in
798 2005 973 2077 acquirendo
1002 2006 1145 2069 honeres;
1175 2001 1323 2063 luxuriosi,

739 2079 767 2133 in
789 2076 962 2148 acquirendo
992 2075 1116 2132 delicias.
1142 2072 1222 2130 Unde
1246 2073 1326 2128 Jaco-

739 2150 792 2206 bus
808 2165 814 2203 :
830 2152 891 2206 Non
906 2153 946 2203 est
957 2151 1013 2203 ista
1027 2147 1165 2217 sapientie
1181 2145 1324 2198 desursum

739 2221 918 2287 descendens3
933 2221 982 2276 sed
990 2225 1096 2275 terrena
1106 2215 1199 2289 quoad
1209 2230 1322 2283 avaros,

738 2293 869 2347 animulis
880 2291 977 2419 guoad
992 2288 1165 2356 luxuriosos,
1182 2293 1208 2342 et
1223 2287 1321 2341 diabo-

740 2365 794 2419 lica
805 2378 879 2432 quoa
913 2363 1057 2434 superbos.
1071 2362 1212 2429 Quantum
1228 2364 1323 2415 autem

739 2435 776 2492 ad
791 2434 872 2489 istam
885 2433 1068 2506 sapientiam,
1084 2447 1182 2489 verum
1193 2434 1236 2487 est
1255 2432 1322 2500 quin

739 2508 793 2576 filii
809 2506 892 2575 liujus
904 2507 989 2562 seculi
999 2511 1064 2561 suut
1077 2504 1270 2582 prudentiores
1282 2503 1321 2570 d·

741 2580 788 2633 tiis
803 2580 891 2644 tuuis:
924 2578 998 2632 hanc
1019 2575 1095 2632 enim
1115 2573 1165 2629 lllii
1186 2573 1257 2629 lucis
1271 2588 1323 2628 as-

739 2652 897 2720 pernantur
910 2652 937 2704 et
948 2646 1069 2718 lugiunt.
1083 2676 1117 2687 -
1136 2643 1266 2701 Secunda
1276 2660 1322 2724 so·

740 2719 848 2792 pientia
862 2724 905 2776 est
924 2720 1079 2789 superllua,
1094 2732 1158 2788 quse
1173 2719 1215 2771 est
1228 2715 1263 2770 de
1274 2728 1325 2795 ¹¹¹.¹'

741 2789 948 2863 pertinentibus
968 2789 1004 2846 ad
1019 2790 1150 2847 salutem.
1180 2789 1237 2867 lst'a
1251 2801 1325 2867 sapr-

741 2861 819 2918 entia
834 2870 877 2917 est
894 2860 1040 2916 mundana
1054 2865 1083 2916 et
1102 2856 1250 2926 secularis,
1266 2870 1325 2936 sive

739 2932 776 2988 sit
796 2930 993 3004 philosophica
1014 2935 1099 3001 atque
1120 2928 1247 3053 phpsica,
1268 2942 1327 2982 sire

741 3002 861 3059 scientia
885 3002 910 3058 le
950 3018 978 3057 m
994 3006 1022 3057 et
1041 3000 1155 3056 decreta
1168 3013 1236 3065 rum,
1263 3012 1327 3079 ques

740 3078 887 3148 protanto
928 3072 1041 3129 icuntur
1066 3071 1229 3143 supertluae,
1259 3084 1326 3140 qnia

743 3145 803 3203 sine
821 3144 876 3201 illis
894 3148 990 3224 potest
1002 3143 1078 3200 selus
1091 3158 1162 3224 esse.
1183 3142 1326 3222 Quantum

740 3218 826 3274 etiam
843 3216 879 3272 ad
892 3220 975 3274 istam
991 3214 1326 3288 sapientiam,fllin'bu1us

739 3289 825 3345 seculi
851 3304 929 3357 saepe
950 3288 1145 3359 prudentiores
1172 3290 1237 3341 sunt
1255 3287 1325 3355 tiliis

741 3362 828 3427 lueis;
860 3359 926 3430 quie
955 3358 1008 3415 riri
1039 3357 1202 3430 spirituales
1224 3371 1326 3438 parum

741 3436 840 3489 curant
854 3431 890 3487 de
908 3429 1013 3487 talibus
1028 3429 1164 3486 scientiis.
1182 3460 1217 3470 -
1231 3430 1326 3485 Tertia

740 3502 881 3574 sapientia
896 3507 940 3558 est
955 3501 1129 3570 necessaria,
1148 3517 1211 3573 quae
1227 3505 1271 3557 est
1288 3499 1325 3555 de

741 3572 956 3645 expedientibus
966 3574 1003 3629 ad
1019 3574 1157 3640 salutem3
1174 3583 1202 3628 et
1217 3571 1272 3628 ista
1283 3575 1327 3626 est

739 3645 878 3717 sapientia
891 3644 997 3709 divina,
1008 3644 1207 3717 quaeconsistit
1218 3644 1248 3699 in
1259 3658 1328 3699 vera

742 3715 792 3773 Uei
820 3722 848 3772 et
882 3715 947 3772 boni
974 3717 1147 3789 cognitione.
1183 3716 1327 3783 Quantum

742 3792 836 3844 autem
853 3789 887 3843 ad
900 3786 983 3843 istam
996 3787 1176 3860 sapientiam,
1191 3785 1329 3852 tlliiplucis

743 3864 810 3916 sunt
833 3858 1032 3930 prudentiores
1061 3876 1148 3931 qnam
1174 3858 1224 3913 tltii
1245 3858 1329 3938 liujus

742 3928 844 3997 seculi,
864 3929 921 3986 imo
934 3930 964 3986 in
980 3933 1066 3988 rebus
1083 3928 1196 3995 divinis,
1212 3927 1262 3983 lilii
1278 3944 1329 3984 se-

743 4001 810 4069 culi,
831 3999 962 4058 videntur
981 4019 1042 4059 esse
1058 4000 1147 4069 stulti,
1168 3998 1218 4054 lilii
1234 4006 1329 4056 autem

743 4073 814 4129 lucis
833 4078 900 4128 sunt
917 4073 998 4129 ralde
1022 4076 1164 4152 sapientes
1186 4075 1215 4125 et
1233 4071 1327 4152 provi·

745 4144 784 4202 di.
799 4174 834 4188 -
846 4143 1002 4212 Quiautem
1020 4148 1085 4200 sunt
1096 4141 1145 4197 liln
1156 4142 1253 4210 seculi,
1270 4160 1329 4201 uon

745 4221 865 4290 apparet
878 4215 1047 4282 manileste;
1066 4213 1115 4270 sed
1130 4218 1226 4270 tamen
1237 4220 1331 4297 potest

744 4288 780 4345 de
795 4288 849 4345 boc
863 4286 958 4360 aliqua
971 4286 1134 4357 conjectura
1147 4284 1257 4345 halrerr.
1267 4288 1328 4347 Una
