2820 4928
140 403 186 456 dil
502 400 661 457 sindilla
687 401 806 458 tinnis
832 399 941 453 CAPUT
971 398 1025 452 ill

146 512 291 642 populum,
307 514 335 567 et
349 507 472 582 dirigere
485 508 677 583 principatum
693 526 700 566 :
716 533 731 560 »

169 601 210 642 aec
226 581 391 640 senardus.

184 677 198 712 e
215 657 337 713 Sisines
352 669 450 709 sunnin
463 653 600 722 ianniv,
615 669 662 717 oui
675 670 732 709 rnn-

146 745 228 784 enus
240 742 389 783 inesnrnis
398 726 561 782 lisoisrnuv
571 742 680 781 vinnm.
696 756 731 768 -

146 802 267 856 Intravit
285 803 377 854 autem
390 799 511 854 Satanas
525 800 556 853 in
571 798 684 863 ludam,
702 795 731 853 id

147 879 192 927 est
206 869 235 926 in
246 871 327 926 iudea
342 870 478 936 animam,
494 871 545 939 qui
557 871 730 937 cognomina·

147 943 230 998 batur
247 943 402 1006 iscariotes,
422 938 489 1010 quia
507 939 542 996 de
566 939 633 996 vitia
650 940 730 996 isca-

146 1013 223 1070 rioth
239 1012 291 1069 luit
307 1010 456 1081 oriundus,
469 1027 554 1067 unum
574 1012 607 1068 dc
628 1012 730 1066 duode-

148 1089 211 1141 cim.
224 1083 351 1152 Intravit,
361 1085 489 1155 inquam,
499 1098 555 1139 non
568 1082 729 1155 impellens,

147 1157 198 1213 sed
215 1155 342 1228 patulum
361 1153 648 1234 inveniens·ostium;
663 1170 730 1211 nam

146 1227 251 1286 oblitus
266 1225 393 1284 omnium
411 1241 475 1296 quae
496 1226 616 1295 viderat,
632 1225 668 1282 ad
687 1241 730 1282 so·

144 1299 203 1355 lam
217 1299 366 1356 avaritiam
377 1297 519 1368 dirigebat
529 1296 677 1365 intuitum;
690 1298 730 1352 in·

144 1369 232 1427 travit
256 1375 434 1438 autemnon
451 1383 503 1450 per
518 1367 682 1437 essentiam,
702 1371 731 1424 et

145 1439 337 1497 essentialiter
359 1440 389 1495 in
414 1455 537 1496 animam
565 1438 729 1508 illabendo,

144 1512 222 1638 ssuia’
231 1513 592 1580 secundumAupustinum,
602 1513 642 1566 sic
652 1511 731 1567 solus

170 1599 219 1639 eus
235 1582 324 1638 intrat
343 1581 372 1637 in
392 1584 532 1650 animam,
552 1580 600 1652 qui
623 1581 730 1638 creavit

144 1668 223 1720 eam3
240 1652 291 1708 sed
301 1651 417 1708 intravit
429 1651 520 1733 primo
533 1667 584 1724 per
594 1652 728 1709 ellectum

145 1722 347 1794 suggestionis,
356 1721 548 1779 venditionem
560 1722 728 1780 ettraditio-

144 1811 212 1852 nem
229 1794 333 1853 Christi
347 1795 537 1868 suggerendo,
550 1798 578 1850 et
602 1795 728 1851 secundo

144 1870 209 1940 post
223 1865 368 1924 buccelam
382 1881 434 1938 per
443 1865 576 1923 ellectum
592 1865 728 1936 plenioris

144 1937 334 2010 possessionis
347 1954 412 1995 enm
430 1954 488 1994 suae
511 1937 639 1994 servituti
659 1938 727 1995 sub·

144 2011 277 2082 iugando.
292 2012 331 2066 Ex
346 2025 402 2082 quo
439 2014 498 2066 atet
514 2009 592 2080 quod
608 2008 727 2066 inomni

143 2088 259 2154 peccato
278 2081 390 2138 mortali
416 2026 546 2138 Siabolus
566 2080 655 2137 intrat
677 2085 727 2137 ho·

143 2153 260 2221 minem,
277 2159 308 2209 ut
327 2153 420 2224 ipsum
439 2152 532 2208 denuo
548 2151 592 2207 vel
607 2152 728 2224 amplius

141 2239 227 2349 guam
243 2229 308 2279 ante
333 2222 485 2294 possideat.
505 2225 579 2277 itanc
594 2238 663 2292 ergo
678 2224 726 2280 lu-

162 2310 193 2349 as
208 2293 328 2349 audiens
343 2309 390 2348 eos
409 2297 597 2363 congregatos
616 2295 652 2348 ad
667 2298 726 2350 tra-

140 2364 274 2420 ctandum
287 2364 322 2419 de
338 2361 441 2419 Christi
461 2368 563 2432 morte,
577 2363 626 2435 qui
640 2365 727 2422 etiam

144 2434 274 2493 audierat
288 2451 306 2491 a
321 2434 432 2492 Christo
455 2450 485 2491 se
505 2434 676 2492 tradendum
697 2441 728 2494 ut

144 2507 358 2579 crucifigeretur
369 2506 400 2562 in
410 2506 726 2577 Paschatuncinstanti,

145 2586 173 2636 et
185 2582 261 2652 apud
276 2596 306 2636 se
320 2577 460 2650 cogitans,
476 2583 504 2634 ct
519 2580 616 2635 dicens
630 2579 727 2636 incor-

142 2653 178 2709 de
195 2669 202 2708 :
218 2654 249 2708 ln
264 2654 392 2723 proximo
407 2649 546 2706 morietur
560 2651 646 2707 homo
660 2651 725 2721 iste,

143 2728 171 2780 et
185 2722 221 2779 ad
233 2725 342 2779 lucrum
355 2738 449 2778 meunt
462 2738 579 2795 possum
593 2738 659 2779 eum
672 2727 727 2779 tra-

141 2796 221 2865 dere,
237 2795 317 2863 coiit,
335 2793 486 2862 aChristo,
504 2797 532 2849 et
546 2792 621 2850 sacta
634 2793 725 2850 socie-

141 2872 210 2937 tate,
227 2883 285 2924 non
304 2870 415 2923 tantum
431 2881 559 2937 corpore,
574 2866 625 2921 scd
640 2864 726 2922 etiam

140 2944 235 2995 mente
252 2938 411 2995 recedendo
430 2943 458 2993 et
478 2940 676 3007 apostatando,
700 2943 726 2994 et

138 3010 257 3066 veniens
271 3010 307 3065 ad
323 3007 473 3065 consilium
484 3008 623 3080 proditor,
634 3012 676 3065 ait
688 3010 724 3064 il·

139 3082 175 3137 lis
187 3101 193 3140 :
207 3082 280 3150 Quid
288 3084 373 3137 vultis
383 3082 453 3135 mihi
464 3081 541 3145 dore,
552 3087 578 3136 et
588 3096 635 3150 ego
648 3081 725 3136 uobis

137 3168 197 3209 eum
217 3154 338 3215 tradam,
357 3152 466 3209 occulte
486 3150 604 3221 scilicet,
620 3157 649 3208 et
662 3151 724 3208 sine

137 3231 194 3280 stre
215 3224 257 3281 itu
267 3224 282 3280 ‘l
294 3222 493 3295 iitipsipooisi
509 3229 583 3293 svnt,
595 3222 662 3295 quia
676 3223 723 3280 ille

136 3310 184 3351 mo
207 3313 238 3351 us
257 3294 388 3366 capiendi
406 3293 561 3363 Christum,
576 3310 722 3366 persuum

137 3363 307 3437 discipulum
324 3365 475 3421 videbatur
499 3366 590 3438 magis
616 3382 720 3423 conve·

137 3434 219 3490 niens
234 3443 262 3490 et
274 3439 420 3502 secretos3
437 3443 553 3507 propter
568 3437 644 3507 quod
663 3453 723 3494 mu-

136 3512 269 3562 taverunt
285 3504 433 3561 consilium
453 3506 631 3576 praedictum,
645 3507 720 3563 scili-

136 3582 181 3634 cet
199 3578 235 3635 de
255 3576 413 3633 diiiercnda
432 3584 521 3657 morte
541 3578 611 3648 eius,
632 3594 721 3650 nsque

135 3656 199 3734 post
225 3652 336 3707 testum.
360 3648 431 3716 Quia
450 3664 526 3704 enim
551 3648 719 3708 traditorem

134 3733 317 3791 invenerunt,
341 3722 370 3777 in
389 3720 449 3791 ipsa
465 3721 616 3778 testivitate
632 3721 719 3778 Chri-

133 3802 208 3852 stum
229 3793 404 3852 occiderunt.
419 3795 477 3849 iloc
491 3800 597 3862 autem,
612 3810 719 3851 sccun-

134 3868 331 3925 dumiensem
355 3866 472 3936 Pepam,
491 3864 586 3921 divino
609 3865 718 3922 intelli·

134 3942 227 4010 gimus
249 3936 416 4010 dispositum
437 3939 522 3992 luisse
539 3937 668 3993 consilio.
684 3937 717 3994 0-

134 4011 347 4083 portebatcnim
355 4017 385 4066 ut
394 4008 544 4064 manifesto
561 4006 715 4080 impleren-

132 4089 179 4138 tur
194 4085 307 4153 ellectu,
325 4098 389 4154 quae
404 4079 452 4137 diu
467 4081 589 4151 figurato
602 4084 714 4137 lucrant

132 4154 273 4224 promissa
287 4155 432 4227 mysterio.
450 4153 483 4208 Et
500 4153 606 4223 pepigit
626 4153 714 4208 ludas

131 4240 195 4281 cum
215 4224 257 4281 eis
274 4226 309 4280 de
321 4225 432 4282 Christo
449 4224 585 4280 tradendo
601 4223 712 4294 protri-

128 4298 210 4367 ginta
224 4295 366 4366 argenteis
384 4298 439 4352 :At
453 4297 498 4351 illi
512 4297 713 4352 constituerunt

127 4368 154 4422 et
176 4365 564 4440 metamaucensem
587 4365 711 4440 pretium

790 522 845 579 qno
863 505 974 577 ioseph
993 504 1147 562 venditus
1168 508 1214 585 cst
1231 519 1249 560 a
1265 503 1360 561 nante

790 579 866 636 suis:
883 578 911 634 in
927 576 1110 633 venditione
1126 576 1360 646 enimlosephprs

790 650 912 721 figurata
937 648 994 704 init
1021 647 1164 704 venditio
1183 646 1362 704 Christilum

790 724 826 778 ad
845 719 1098 802 congregationes
1115 717 1175 775 ivit
1194 718 1245 774 ubi
1261 718 1364 776 Chr'ntu

789 791 935 860 vendid1t;
952 791 995 848 sic
1011 791 1102 847 multi
1122 792 1364 862 adspecteeuten

791 865 870 932 dunt,
888 864 937 920 ubi
954 864 1110 921 Christum
1133 878 1192 934 pro
1208 862 1314 919 modica
1325 870 1366 918 tu-

789 934 897 993 tatione
909 943 939 991 et
957 934 1078 992 modico
1097 933 1203 1004 pretio
1220 934 1366 991 vendenti-

789 1023 838 1080 pse
853 1005 933 1063 dedit
946 1022 1001 1079 pro
1024 1005 1160 1078 triginta
1176 1005 1323 1079 argenteis,
1334 1005 1367 1063 ssi

789 1085 953 1151 peccatores
972 1078 1050 1134 dant
1069 1094 1158 1151 saepe
1175 1094 1232 1151 pro
1248 1077 1368 1150 pretioni·

789 1151 863 1207 nori.
878 1151 930 1207 Ubi
945 1148 1018 1206 dicit
1039 1151 1125 1206 idem
1142 1153 1201 1207 Leo
1220 1154 1303 1224 Papa,
1315 1150 1366 1223 uvat

789 1221 886 1278 anima
900 1220 972 1277 lucri
986 1222 1102 1293 cupida
1119 1222 1217 1279 etiam
1232 1239 1282 1294 pro
1295 1228 1365 1294 exigue

788 1291 882 1366 perire
897 1293 1092 1363 neumatum,
1112 1295 1290 1367 nullumque
1301 1291 1364 1350 inilit

789 1365 876 1421 corde
891 1370 936 1421 est
956 1363 1086 1436 justitiae
1107 1365 1280 1439 vestigium,
1292 1366 1317 1421 in
1328 1379 1364 1437 qvo

787 1435 841 1492 sibi
858 1435 977 1492 avaritia
1000 1434 1069 1492 iecit
1087 1437 1302 1495 habitaculum
1315 1436 1365 1493 luia·

789 1507 826 1563 lin
841 1512 984 1564 mercator
997 1507 1106 1576 ludas,
1126 1508 1180 1580 qui
1194 1506 1364 1565 tantumdedd

788 1594 839 1651 pro
854 1583 945 1648 tanto,
962 1580 1054 1636 Deum
1074 1596 1133 1650 pro
1150 1596 1282 1647 nummo,
1293 1594 1364 1637 vernn

789 1667 839 1722 pro
858 1666 944 1719 vano,
959 1656 1109 1707 aeternnm
1153 1669 1187 1708 ro
1208 1650 1363 1709 transitoriol

787 1722 858 1804 Quia
875 1721 950 1779 enim
968 1721 1108 1779 audierat
1130 1667 1290 1780 bominum
1305 1723 1365 1781 cm

788 1797 833 1850 die
849 1795 1030 1863 moriturum,
1046 1798 1167 1851 etcum
1187 1794 1222 1851 in
1236 1801 1323 1852 morte
1333 1794 1365 1851 de

786 1864 871 1921 tineri
896 1864 1016 1937 putavit,
1029 1872 1163 1922 mortem
1189 1867 1365 1924 imminentem

786 1936 953 1993 lucrativam
978 1936 1033 1993 sibi
1061 1937 1166 1994 iacere
1195 1939 1297 1997 voluit.
1316 1939 1366 1996 Can
1402 1948 1404 1953 '

787 2008 862 2063 enim
881 2012 956 2064 esset
977 2008 1073 2064 iuret
1096 2008 1215 2066 loculos
1228 2012 1367 2079 hahensd

786 2078 896 2135 videret
917 2082 1101 2152 unguentum
1126 2097 1221 2153 super
1244 2090 1325 2155 caput
1348 2086 1368 2137 et

787 2149 872 2222 pedes
889 2150 1001 2207 Domini
1016 2151 1155 2222 eiiusum,
1174 2154 1256 2224 quod
1272 2162 1368 2225 punse

786 2226 832 2277 rat
844 2237 905 2278 esse
925 2221 1124 2293 vendendum,
1139 2233 1170 2279 et
1211 2224 1314 2284 retium
1328 2224 1369 2281 sili

786 2292 967 2361 tradendum,
988 2293 1065 2364 quod
1082 2294 1170 2366 perdi
1195 2301 1262 2354 crat
1274 2297 1303 2355 in
1315 2297 1371 2354 eliu·

786 2367 867 2421 sione
883 2364 1033 2436 unguenti,
1051 2365 1149 2423 voluit
1166 2367 1371 2451 recuperarem

785 2435 949 2493 venditione
973 2436 1115 2510 Magistri.
1133 2436 1180 2495 llli
1202 2456 1309 2514 quippe
1324 2439 1371 2497 tri·

785 2509 866 2578 ginta
879 2510 1008 2580 argentei
1026 2508 1169 2565 valebant
1179 2515 1322 2570 trecentos
1332 2513 1370 2569 de

785 2578 881 2635 narios
897 2580 1029 2648 usuales;
1045 2579 1175 2650 quilibet
1191 2584 1272 2641 enim
1282 2584 1368 2642 decem

785 2650 909 2720 valebat,
929 2657 958 2706 et
978 2650 1017 2706 ita
1038 2651 1068 2706 in
1085 2653 1263 2713 venditione
1280 2653 1367 2714 Christi

784 2720 964 2794 recuperavit
985 2721 1115 2779 valorem
1141 2727 1289 2798 unguenti
1307 2743 1367 2801 pra·

786 2792 863 2864 dicti,
879 2802 907 2849 ct
921 2796 1156 2867 recompensavit
1172 2801 1312 2857 damnum
1324 2807 1367 2855 tre·

785 2871 931 2922 centorum
940 2865 1128 2924 denariorum
1140 2870 1179 2925 de
1190 2887 1251 2942 qno
1261 2872 1364 2929 dixerat

784 2937 874 3003 Quare
886 2939 935 2992 boc
949 2944 1119 3006 aagendam
1140 2958 1202 2998 non
1220 2946 1305 3001 ocnut
1320 2950 1364 3000 tn·

784 3014 869 3064 centis
879 3009 1037 3066 denariisct
1053 3011 1157 3068 dutum
1166 3022 1211 3071 est
1225 3015 1364 3086 cpenuiiit

783 3079 857 3161 torte
872 3081 932 3137 haec
947 3097 1034 3138 causa
1045 3081 1101 3138 luit
1120 3101 1216 3156 quare
1230 3088 1363 3144 uernans

783 3150 829 3206 hic
850 3151 955 3208 iactum
976 3152 1073 3210 llariae
1091 3156 1240 3224 recitavit,
1255 3166 1288 3216 nt
1301 3157 1362 3215 sciti·

782 3226 1363 3302 cetcongruenterractumJudae,quolto

781 3296 889 3351 minum
909 3295 1046 3366 vendidit,
1064 3307 1214 3366 narraret,
1231 3307 1362 3375 tamqtum

782 3366 947 3423 continuans
960 3368 1096 3425 ellectum
1111 3373 1149 3427 ad
1166 3389 1295 3443 cansam,
1306 3375 1363 3445 quia

780 3437 834 3493 hoc
863 3437 967 3495 iactum
990 3438 1044 3495 luit
1066 3444 1184 3500 occasio
1203 3445 1362 3503 venditionis

780 3508 895 3590 Christi.
909 3512 997 3566 ludas
1011 3509 1110 3582 itaque
1125 3530 1206 3572 unus
1218 3517 1254 3573 de
1265 3516 1362 3573 duode-

779 3596 845 3648 cim,
877 3596 996 3638 numero
1024 3599 1082 3638 non
1111 3586 1232 3655 merito,
1256 3589 1361 3645 nomine

777 3668 835 3734 non
857 3667 988 3734 munere,
1002 3671 1124 3735 corpore
1151 3675 1212 3715 non
1229 3659 1362 3728 animoa

777 3725 955 3794 principibus
974 3741 1033 3782 non
1049 3726 1204 3798 invitatur,
1219 3748 1278 3789 non
1293 3729 1360 3804 cogi·

776 3798 833 3863 tur,
852 3799 930 3852 nulla
950 3797 1125 3856 necessitate
1148 3803 1360 3875 constringitur,

775 3866 824 3947 sed
841 3867 971 3949 propria·
981 3876 1083 3940 sponte
1104 3874 1250 3943 processit
1265 3884 1293 3931 ct
1305 3891 1359 3949 pro

777 3954 837 4007 pria
856 3941 1033 4011 ritahgnttate
1051 3942 1208 4002 consitium
1226 3949 1358 4004 scelerate

774 4013 879 4092 mentis
902 4014 979 4080 ini1t;
993 4028 1046 4068 nec
1067 4011 1098 4068 in
1125 4017 1294 4076 venditione
1308 4020 1357 4076 Ev-

772 4090 853 4153 gtstrr
869 4089 979 4139 certam
995 4085 1152 4153 postulavit
1168 4094 1358 4161 summam‚ut

772 4154 808 4208 dc
826 4169 855 4210 rc
871 4169 937 4211 cara
962 4154 1023 4211 lieri
1038 4157 1122 4225 solet,
1140 4160 1193 4216 scd
1215 4165 1298 4235 quasi
1312 4162 1357 4219 vile

772 4224 889 4282 tradens
915 4231 944 4282 el
968 4228 1069 4285 venale
1086 4244 1236 4300 exponens
1258 4234 1356 4292 manti·

770 4298 860 4367 pium,
875 4296 906 4354 in
918 4302 1072 4426 (potestate
1092 4304 1254 4362 ementium
1272 4307 1356 4380 posuit

769 4377 909 4440 quantum
938 4370 1354 4439 arovellent.Cumenimviliv
