2820 4928
241 398 280 450 bii
308 396 569 450 coistiiiiioiii
598 397 803 451 ibitit'tctiii
831 398 871 451 iii
898 399 1161 452 titatiiSAEtiiibit.
1280 402 1322 454 itt

85 522 186 562 seueri
200 502 396 560 sciscir'ucruu.
409 533 441 544 -
453 505 613 558 Proximum
628 520 677 558 au·
729 504 779 560 sed
794 504 868 560 mate
878 508 906 560 et
928 505 964 561 ad
979 503 1182 561 occidendum.
1202 506 1260 561 Sed
1272 513 1316 562 est

86 583 144 634 tem
157 583 217 634 erat
225 578 330 632 Pascha
339 575 503 643 iudaeorum
516 577 569 632 hoc
578 574 675 632 subdi·
729 576 897 645 notandum;
909 576 985 648 quod
1003 576 1118 649 qu'ando
1140 582 1185 633 est
1200 577 1263 633 dios
1277 578 1315 635 ie·

87 654 148 718 tur,
165 648 201 706 ad
224 647 430 705 ostendendum
453 649 530 731 quod
545 648 676 706 Christus
730 653 801 718 stus,
816 654 843 705 et
863 651 956 721 agitur
967 655 1076 717 sancte,
1093 666 1208 715 semper
1221 650 1317 707 ttonii·

88 737 177 794 parvo
198 726 324 793 tempore
352 717 381 776 in
414 719 528 776 civitate
549 720 675 793 Ephrem
730 736 783 776 nus
797 727 840 777 est
852 720 881 776 in
896 719 942 778 die
956 720 1038 787 testo,
1052 722 1210 779 secundum
1225 721 1313 779 ittud:

90 808 122 851 se
137 793 293 863 occultavit,
307 791 451 866 quiaante
463 792 574 850 Pascha
592 795 621 848 in
632 794 677 849 te·
733 793 786 849 Ubi
800 793 855 848 duo
867 795 909 850 eet
924 798 977 849 tres
992 797 1269 863 coaprcqetttueriat
1285 796 1314 851 ia

89 866 211 923 rusatem
228 867 313 923 venit.
337 868 374 923 nt
395 866 580 923 escenderent
595 866 678 921 matti
730 866 841 921 nomiae
865 882 931 931 mco,
946 866 986 921 tbi
1000 866 1195 922 sumiamedto
1210 882 1314 923 eorum.

87 940 292 1009 lerosolymam,
308 938 342 994 de
355 941 466 1008 repioae
483 943 548 994 ante
561 939 678 1007 Pascha,
731 938 765 993 Et
776 936 841 993 ideo
860 953 911 994 nos
932 936 1096 1009 congregati
1110 941 1139 994 in
1153 938 1238 995 domo
1252 936 1313 1009 Dei,

87 1015 121 1067 at
133 1014 339 1082 sanctificarent
349 1017 378 1068 et
391 1010 565 1067 mundarent
575 1012 678 1081 seipsos
731 1024 896 1080 quaeramus
907 1011 1015 1079 iesum,
1032 1015 1131 1066 niutuo
1146 1026 1198 1066 nos
1211 1026 1314 1067 couse-

85 1081 266 1141 orationibus
279 1089 309 1140 et
320 1081 471 1140 sacrificiis
487 1091 554 1138 ante
564 1082 678 1151 testum,
732 1080 820 1137 laudo
834 1087 864 1136 et
878 1081 1063 1149 exorando,ut
1073 1082 1109 1137 ad
1122 1081 1197 1138 diem
1211 1083 1315 1139 testum

85 1156 125 1213 ad
145 1156 231 1226 digne
258 1154 469 1212 comedendum
494 1169 603 1223 agnum
629 1168 679 1225 pa·
733 1153 1019 1221 nostrumreniat,et
1034 1170 1086 1209 uos
1100 1168 1151 1209 sua
1165 1153 1318 1225 praesentia

87 1227 230 1294 sebalem,
255 1243 342 1298 quem
357 1224 452 1283 nutius
466 1225 616 1282 comedere
632 1226 680 1281 de·
733 1224 916 1291 sanctitieet;
939 1224 1053 1297 quando
1080 1238 1149 1282 iero
1165 1238 1222 1281 uon
1240 1230 1317 1281 recte

88 1300 189 1363 behet,
202 1296 259 1354 nisi
272 1298 407 1354 muudus.
423 1295 680 1370 Praecepcratenim
733 1296 831 1368 agitur
850 1297 962 1359 testum.
979 1303 1047 1353 tunc
1060 1313 1117 1352 non
1130 1298 1206 1353 venit
1224 1300 1317 1367 iesus,

94 1371 237 1427 Dominus
250 1386 303 1441 per
322 1371 447 1440 Moysen,
464 1374 493 1425 ut
506 1368 629 1440 undique
644 1369 679 1426 de
732 1368 891 1425 seeundum
911 1368 980 1424 iiiud
994 1368 1073 1425 isaiae
1093 1371 1257 1440 prophetae:
1272 1372 1317 1424 Pe·

92 1447 154 1499 tota
166 1445 182 1499 J
185 1441 268 1498 udaea
282 1442 474 1505 convenirent,
485 1447 552 1497 ante
563 1442 677 1511 Pascha,
731 1443 871 1496 sticitates
879 1446 984 1496 cestros
997 1458 1052 1496 aea
1062 1443 1162 1509 (eram.
1175 1439 1210 1497 Et
1222 1439 1318 1497 subdit

87 1514 119 1570 in
138 1514 321 1583 Jerusalem3
342 1518 370 1569 et
388 1511 437 1580 ibi,
455 1512 611 1569 secundum
628 1514 677 1570 Le-
728 1512 1005 1584 Evangetistaquasi'
1017 1512 1315 1584 respondensquesti·

84 1593 250 1658 gemente
278 1600 360 1643 esum
387 1583 452 1654 agni
477 1582 618 1654 paschatis
644 1600 675 1641 se
728 1582 777 1640 oni
789 1584 1046 1640 eorumneaeroot
1055 1587 1127 1639 enim
1135 1589 1279 1656 pontifices
1288 1589 1315 1641 et

84 1659 270 1725 mundarent,
281 1661 310 1713 nt
321 1658 363 1712 sic
373 1655 525 1728 purificati,
541 1655 674 1712 solemni·
726 1657 863 1712 Pharisaei
874 1656 1046 1728 renodatam,
1061 1661 1092 1712 ut
1104 1660 1132 1712 si
1144 1660 1313 1727 patseopao·

86 1732 138 1786 tati
153 1735 180 1786 et
193 1727 255 1785 esui
277 1727 344 1800 agni
371 1724 470 1783 mundi
488 1724 670 1785 interessent.
726 1730 799 1783 uerit
817 1729 867 1782 uti
879 1730 917 1784 att
941 1730 1033 1797 Jesns,
1053 1729 1156 1785 indicet
1179 1729 1313 1801 potestati

88 1801 230 1858 UndeThe
267 1798 674 1857 hitastihscenderuntautem
726 1800 859 1872 publicae,
878 1806 909 1855 at
928 1801 1221 1872 apprehendentem,
1236 1799 1313 1858 sciti·

91 1874 242 1929 antePasc
263 1888 291 1940 a,
306 1877 338 1928 ut
364 1876 578 1944 purgarentur;
607 1888 675 1944 quo-
729 1877 774 1929 cet
800 1870 922 1927 ministri
944 1871 1092 1943 potestatis
1111 1873 1147 1928 ad
1176 1872 1315 1929 occiden-

93 1943 171 2000 niam
187 1943 353 2016 quicumque
364 1947 554 2017 peccaverant
565 1945 676 2000 Pascha
729 1943 797 2000 dnm
810 1960 818 2011 ;
833 1948 950 2024 propter
960 1944 1012 1999 hoc
1025 1943 1101 1999 enim
1114 1946 1150 2001 ab
1168 1944 1220 2013 eis,
1241 1946 1317 1999 sicut

95 2033 155 2074 non
174 2016 362 2086 celebrabant,
390 2014 446 2071 nisi
475 2014 557 2088 prius
579 2015 675 2088 expia·
731 2016 767 2071 ab
789 2014 911 2085 ingratis
926 2018 954 2070 et
977 2014 1127 2071 obauratis
1145 2019 1315 2082 recesserat,

96 2093 200 2145 rentur
229 2085 457 2145 batneationibus
490 2091 518 2144 et
552 2086 674 2159 'ejuniiq
731 2102 822 2157 usqne
838 2085 873 2141 ad
889 2093 1000 2158 tempus
1014 2085 1092 2156 quod
1107 2102 1163 2142 suae
1188 2084 1315 2143 Passioni

94 2176 129 2219 ac
150 2176 262 2228 rasura,
277 2158 446 2233 quinetiam
470 2102 609 2233 nussiam
627 2160 677 2217 de·
732 2156 979 2231 dispositumerat.
997 2156 1062 2227 Sed,
1079 2161 1110 2214 ut
1124 2157 1163 2214 ait
1178 2160 1316 2227 depasti-

113 2237 207 2290 ntatas
217 2232 377 2290 oblationes
392 2231 560 2289 otterendo:
576 2250 587 2283 ι
615 2231 677 2288 heac
730 2246 792 2295 aas,
808 2246 860 2287 nos
892 2231 919 2287 ui
934 2228 1039 2287 scimus
1054 2230 1101 2287 ubi
1117 2231 1246 2288 Christus
1260 2236 1315 2299 est,

90 2248 268 2378 iteoptu'tus.
281 2303 333 2361 Ubi
358 2303 549 2361 informantur
565 2302 613 2432 qui
629 2304 676 2361 de·
730 2302 796 2376 quia
815 2300 851 2360 ad
872 2245 1021 2360 (dexteram
1049 2304 1097 2358 Dei
1113 2304 1216 2373 Patris,
1240 2302 1314 2360 indi·

86 2378 159 2437 bent
183 2376 407 2447 communicare,
434 2377 500 2449 quia
520 2392 573 2433 con
586 2374 677 2433 essio-
730 2390 826 2433 cemus
842 2375 958 2446 Judaeis,
973 2379 1004 2433 ut
1023 2376 1062 2432 sic
1083 2376 1191 2434 utinam
1207 2391 1312 2450 appre-

91 2467 141 2519 ne,
153 2451 296 2519 oratione,
320 2453 405 2521 atque
422 2447 531 2532 jejunio
544 2453 610 2506 ante
624 2448 675 2505 de·
730 2448 855 2504 hauriant
869 2463 935 2504 eum
953 2463 1003 2519 per
1021 2446 1119 2504 tidem.

89 2522 162 2580 bent
177 2519 334 2594 purificari.
351 2521 379 2579 Si
389 2537 465 2578 enim
480 2521 533 2576 hoc
545 2520 676 2578 tiebatde
764 2520 978 2579 bPiiiecioais
988 2518 1317 2576 cessionarium-Con·

90 2610 167 2667 agno
182 2594 304 2667 figurati,
323 2599 429 2666 quanto
447 2591 578 2665 magisse
593 2593 678 2650 debet
730 2589 903 2677 spieeigitur
915 2590 1062 2663 praedictos
1076 2592 1202 2648 nefarios
1216 2589 1246 2645 in
1262 2606 1315 2646 suo

88 2668 179 2725 honio
190 2666 372 2725 sanctificare
384 2665 468 2724 honis
482 2664 624 2738 operibus,
639 2665 676 2722 ad
730 2662 849 2722 concitae
861 2666 987 2737 pessimo
1002 2669 1167 2730 metuentes,
1181 2667 1209 2718 ct
1222 2659 1316 2718 ttomi·

85 2738 176 2813 digne
190 2738 387 2812 recipiendum
401 2754 499 2796 rerum
512 2741 633 2812 agnum,
647 2737 676 2793 id
729 2752 797 2793 nuni
815 2738 914 2794 iesum
932 2752 965 2792 ac
996 2734 1065 2791 disci
1078 2738 1150 2792 intes
1170 2740 1316 2805 tamquam

85 2811 359 2871 estimmacutatum
374 2826 475 2884 corpus
491 2810 610 2868 Christi?
620 2809 676 2867 Sed
749 2824 879 2878 auperes,
906 2814 936 2863 et
955 2806 1067 2862 imbecit
1082 2824 1110 2861 es
1137 2806 1315 2886 recedentes.

83 2885 165 2943 heut
190 2883 293 2953 tudaei,
309 2882 389 2940 obliti
403 2899 461 2940 suae
476 2881 676 2940 sanctificatio·
728 2824 803 2946 iiuid
816 2884 884 2935 tunc
896 2884 979 2950 putas
989 2876 1319 2946 htagdctanamdtiiisse?

87 2957 146 3023 nis.
162 2958 323 3015 tractabant
337 2955 371 3012 de
386 2972 457 3013 nece
476 2953 535 3010 reri
550 2952 634 3026 Agni,
648 2957 677 3010 et
732 2948 832 3006 Sedet
857 2948 950 3019 quatis
970 2947 1056 3003 animi
1084 2950 1173 3002 itater
1203 2946 1317 3003 homiui

89 3027 188 3101 ipsum
198 3030 307 3112 hqnum
323 3028 358 3085 ad
371 3025 580 3084 immolandum
617 3041 676 3081 uae-
730 3022 799 3079 Jcsu
815 3023 888 3087 erat,
904 3034 968 3075 cuin
984 3017 1024 3074 sic
1040 3033 1105 3074 cum
1124 3018 1259 3075 recedere
1275 3016 1316 3075 vi-

91 3101 199 3157 rebant
223 3103 326 3185 inipso
342 3098 405 3157 loce
433 3095 583 3164 orationis,
596 3040 677 3153 (iesto
732 3090 823 3161 deret,
836 3096 864 3148 et
877 3089 994 3173 audiret·
1005 3106 1119 3147 causam
1138 3104 1236 3164 quare,
1251 3092 1317 3163 quia

91 3170 259 3244 sangninem
278 3178 462 3231 innocentem
485 3168 606 3226 miscere
633 3183 677 3225 co-
732 3163 840 3222 scihcet
854 3179 919 3220 euin
934 3161 1221 3223 occiderevotebant?
1234 3164 1316 3223 Potes

87 3242 223 3318 citantes.
250 3246 331 3303 Unde
360 3246 584 3315 chrysostomus:
612 3239 676 3297 otti
732 3234 915 3294 hicmeditari
935 3237 1084 3295 Dominam
1094 3240 1244 3295 etsorores
1254 3238 1316 3313 ejus

87 3315 265 3375 uenerantin
279 3316 467 3375 exterioribus
478 3332 508 3373 se
524 3312 675 3383 mundare,
731 3314 881 3394 tunccum
901 3309 1067 3381 tttagdatena
1090 3311 1271 3381 remansisse,
1287 3317 1316 3370 et

86 3397 119 3447 et
132 3388 162 3446 in
182 3389 366 3447 interioribus
382 3406 431 3460 per
444 3384 632 3445 homicidium
648 3392 677 3443 et
730 3385 883 3440 Dominum
898 3382 995 3440 iesum
1017 3398 1066 3440 eas
1086 3400 1183 3441 omnes
1207 3385 1242 3442 de
1259 3385 1316 3443 cita

86 3461 259 3533 sanguinem
283 3477 314 3518 se
333 3459 528 3534 coinquinare.
558 3456 675 3516 Insidia·
729 3471 780 3513 sua
808 3456 995 3538 conversione
1029 3463 1095 3513 tunc
1137 3459 1316 3516 consolatum

85 3534 194 3593 bantur
208 3535 246 3604 ei,
263 3536 292 3590 et
305 3536 417 3607 tempus
432 3531 495 3589 testi
510 3536 621 3605 tempus
637 3531 676 3588 ta·
729 3529 825 3586 tuisse.
844 3528 998 3585 Considera
1014 3544 1088 3585 nunc
1104 3531 1246 3601 quomodo
1263 3533 1315 3587 tio·

86 3605 205 3664 ciebant
218 3604 369 3663 occisionis
385 3622 392 3661 :
408 3626 422 3659 o
437 3606 499 3661 haec
514 3604 674 3674 titirpsosto-
728 3601 823 3658 minus
851 3616 917 3657 suos
944 3600 1133 3672 adversariae,
1154 3620 1226 3674 quos
1254 3602 1316 3659 soto

85 3694 160 3735 mas.
175 3678 339 3746 Quaerebant
357 3679 530 3747 erectorum,
547 3682 572 3732 et
585 3676 675 3732 cotto·
729 3678 800 3730 nutu
816 3671 937 3745 perdere
967 3677 1079 3745 poterat
1102 3679 1250 3747 tamquam
1266 3677 1317 3728 im·

85 3750 300 3823 paetoatoroa
309 3752 435 3817 inuicem,
451 3749 588 3820 intemplo
599 3754 675 3804 stoa·
729 3744 856 3815 hecittes,
875 3744 1032 3802 recedendo
1065 3746 1235 3815 declinabat,
1264 3761 1317 3800 uec

86 3829 127 3880 tes
143 3843 152 3879 :
168 3824 244 3891 Quia
255 3826 376 3895 putetis.
396 3822 463 3893 quio
477 3837 531 3876 aaa
547 3822 622 3875 eeatt
638 3819 675 3875 ed
730 3834 760 3874 se
775 3816 877 3874 saltem
893 3816 985 3874 veihis
1000 3819 1162 3875 excusando
1184 3816 1318 3872 detende-

86 3896 162 3953 da'em
175 3898 280 3965 sestam
294 3898 308 3951 ?
322 3890 395 3962 Quia
405 3892 481 3951 enim
498 3890 676 3949 mirabantur
729 3890 796 3953 bat:
811 3905 844 3946 ac
859 3889 921 3961 ejus
935 3890 1188 3947 mansuetudinem
1212 3892 1240 3939 ci
1248 3885 1316 3962 2¹¹¹·

86 3969 165 4041 qnod
183 3966 214 4025 in
229 3973 310 4025 tanta
324 3965 555 4049 congregatione,
573 3964 609 4022 ad
624 3964 675 4021 do·
730 3961 881 4020 militatem
900 3960 1037 4019 imitando
1067 3972 1182 4017 omnem
1200 3954 1319 4035 ⁸dep-oue

87 4040 212 4099 cendum
228 4046 422 4111 nonvenerat,
436 4037 677 4112 ideoquaerebant
729 4032 949 4093 amaritudinem
963 4042 992 4091 et
1006 4036 1146 4107 turonem,
1161 4041 1226 4096 quia
1241 4040 1282 4105 sic
1292 4029 1319 4079 et

88 4130 146 4171 non
161 4111 281 4186 quidem
292 4113 365 4171 bene
374 4110 449 4172 etad
463 4110 675 4181 honorandum,
729 4107 857 4181 corporis
870 4113 898 4164 et
911 4104 1015 4164 animae
1030 4098 1150 4156 habebis
1175 4110 1317 4168 requiem.
