2820 4928
89 304 136 358 116
392 298 550 353 SICUIDAE
578 297 699 352 Ptntts
728 294 835 349 taret
862 288 1028 347 XXXVIII

91 415 123 467 ut
135 406 302 477 cooperiant
316 404 454 462 malitiam
464 404 615 461 occultam.
624 402 673 460 Isti

93 480 292 552 significantur
321 494 370 547 por
397 476 456 543 Bel,
478 474 524 547 qui
552 475 674 532 caterius

94 560 268 617 cretaceus,
283 557 311 606 et
322 550 394 604 intus
407 549 509 604 luteus.
522 547 572 604 Ubi
591 549 674 617 Chry-

89 633 243 683 sostenes:
261 643 275 673 α
293 622 391 677 llcrito
408 621 523 691 quidem
531 624 673 691 justorum

89 713 208 767 corpora
235 694 341 766 templa
376 693 519 755 tlicunlnr,
547 691 615 763 qnia
643 691 673 748 iu

88 784 207 840 corpore
218 766 289 837 justi
303 764 398 820 anima
410 764 572 819 dominatur
587 769 615 819 et
628 780 672 819 re-

86 847 164 913 gnat,
179 842 258 910 quasi
274 841 347 893 ltenr
358 840 386 892 in
398 839 513 907 templo,
530 836 570 891 rcl
582 844 671 904 certe,

87 910 156 982 quia
174 910 233 981 ipse
250 914 323 966 Deus
338 908 545 979 incorporibns
561 907 671 963 habitat

81 982 177 1057 jusds.
199 984 325 1054 Corpora
352 986 447 1036 aulem
478 986 668 1051 pcccatorum,

84 1055 236 1127 sepulchra
251 1055 382 1110 dicuutur
399 1056 585 1113 rnortnornm.
602 1051 669 1124 qnia

85 1127 183 1184 anima
199 1131 312 1182 mortua
335 1133 377 1181 cst
394 1126 421 1179 iu
436 1141 555 1195 corpore
566 1140 672 1251 specca·

85 1198 165 1268 toris,
187 1216 238 1255 nec
258 1199 334 1255 enim
353 1199 450 1253 virens
478 1202 563 1267 putari
585 1214 600 1251 a
620 1200 671 1264 cst,

86 1288 149 1342 qnae
165 1271 235 1327 nihil
249 1271 353 1340 rivum,
380 1276 428 1325 ant
443 1268 589 1340 spirituale
614 1270 672 1338 agit

85 1342 250 1415 incorpore
267 1361 273 1411 ;
291 1344 345 1409 rel,
371 1341 437 1413 quia
456 1358 530 1397 rniirs
557 1342 615 1411 ipsa
643 1340 673 1396 in

87 1416 253 1487 corporibus
269 1415 378 1471 habitat
392 1419 580 1483 peccalorum.
596 1412 672 1467 Sicut

87 1503 154 1558 ergo
173 1488 363 1553 sepolchrum,
389 1486 524 1556 ‹puarnliu
541 1484 670 1539 clausum

87 1564 140 1625 est,
157 1560 307 1630 pulchrum
320 1558 431 1613 ridetur
444 1575 461 1613 a
473 1558 551 1620 loris,
566 1556 587 1610 si
604 1572 669 1611 roro

87 1638 216 1700 apertum
232 1629 278 1695 sit,
295 1629 445 1689 horribile:
464 1628 502 1683 ita
518 1628 669 1682 sinrnlato-

87 1717 134 1756 res
160 1702 311 1767 bonorum,
332 1700 467 1769 quamdiu
494 1715 549 1754 iton
566 1715 671 1768 cogno-

87 1779 213 1839 scuntur,
234 1772 390 1828 laudabiles
406 1776 480 1838 sunl,
498 1787 561 1826 rum
574 1781 669 1826 antem

87 1844 191 1915 cogniti
208 1843 321 1910 luerint,
334 1843 517 1899 inveniuntur
527 1842 673 1899 abomina-

86 1915 167 1974 biles.
185 1916 245 1985 Dic‚
259 1933 275 1972 o
288 1915 444 1987 hypocrita,
462 1915 484 1971 si
509 1916 613 1971 lionum
629 1919 673 1969 est

87 2004 148 2045 esse
163 1990 278 2057 malum,
292 1990 391 2057 ubprid
407 2005 463 2044 non
480 1987 521 2044 ris
536 2003 673 2060 apparere

87 2062 217 2132 quodvis
238 2062 325 2119 esset
339 2060 366 2117 Si
396 2062 504 2116 bonum
521 2072 616 2116 arnem
631 2064 673 2114 cst

87 2150 150 2191 esse
163 2136 281 2201 bonurn,
294 2133 393 2201 utonid
407 2149 463 2188 non
475 2133 584 2189 risesc
597 2131 673 2203 quod

88 2206 130 2260 vis
145 2221 284 2277 apparere
298 2207 312 2260 ‘l
330 2207 411 2271 Nam,
426 2205 501 2274 qnod
524 2214 604 2273 turpe
631 2212 674 2258 est

89 2290 237 2347 apparere,
249 2275 359 2345 turpius
373 2280 413 2329 cst
435 2291 514 2343 esse;
531 2275 607 2345 qnod
623 2291 673 2329 au-

88 2346 674 2417 lemlormosnmestapparerelormosius

89 2424 131 2475 est
144 2434 214 2473 esse.
226 2420 299 2489 Ergo
310 2423 358 2473 aut
372 2426 432 2473 esto
449 2418 525 2488 quod
540 2434 673 2499 appares,

88 2493 137 2547 ant
148 2505 253 2562 appare
267 2490 342 2562 quod
352 2507 396 2557 es3
411 2489 477 2561 qnia
491 2492 673 2546 maml'estum

89 2564 195 2618 malum
210 2578 227 2618 a
253 2562 429 2634 sapientibus
445 2579 501 2617 non
522 2565 674 2633 reprehen-

89 2634 175 2703 ditur,
186 2635 253 2691 dum
269 2635 380 2691 insania
393 2634 566 2690 aestimatur:
584 2658 595 2684 o
614 2637 675 2690 haec

89 2708 305 2776 Chrpsostomns.
332 2707 411 2763 Unde
439 2713 466 2762 et
494 2708 674 2762 Bernnrdrrs:

90 2800 105 2831 a
117 2781 205 2846 Quem
217 2780 296 2836 dabis
307 2780 341 2834 dc
352 2778 419 2834 liliis
427 2779 528 2846 Adam,
538 2778 586 2851 qui
596 2780 674 2850 qrrod

89 2857 202 2907 estnon
223 2851 286 2908 dice
306 2850 384 2920 velit,
413 2851 464 2907 sed
490 2852 530 2908 rel
549 2850 674 2923 patiatur

89 2923 181 2980 videri
197 2924 211 2979 ‘l
227 2944 241 2975 o

125 3019 141 3068 9
157 2998 202 3052 Vn
216 3014 249 3051 or:
263 3012 449 3052 nonicmusan
465 3013 532 3051 irsrs
547 3013 578 3052 ar
593 3013 610 3050 a
626 3013 673 3052 ra-

89 3085 184 3140 ramus
201 3086 291 3125 cortun
306 3086 454 3125 eonnrssrs.
469 3100 504 3111 -
518 3071 549 3124 lu
565 3074 673 3131 octavo,

90 3139 292 3212 redarguiteos
304 3139 449 3196 litiosesse
458 3139 676 3195 homicidarum.

94 3214 141 3267 Vae
151 3214 237 3277 cobis,
251 3214 353 3269 Scriba
367 3219 393 3267 et
406 3215 540 3268 Pharisaei
555 3214 678 3282 hypocri-

93 3288 137 3350 tae,
153 3287 202 3352 qul
214 3286 357 3354 aedificetis
373 3286 517 3353 sepulchro
534 3286 680 3354 Prophete-

93 3370 155 3407 ram
163 3360 189 3408 et
198 3359 303 3410 errantis
312 3357 635 3423 incitamentojustornm.
647 3357 680 3411 ll-

94 3422 113 3477 11
122 3423 198 3480 enim
210 3431 323 3497 propter
333 3425 498 3495 opinionem
510 3427 643 3482 bonitatis
652 3433 679 3483 et

94 3495 193 3566 gloriae
212 3496 241 3552 in
260 3496 372 3566 populo,
388 3503 417 3551 ut
434 3497 679 3567 justivrderentnr‚

100 3568 250 3638 sepulchra
265 3574 293 3623 et
308 3566 460 3623 memorias
472 3569 679 3638 Prophetarum

93 3644 122 3695 et
130 3640 288 3696 occisorum
300 3638 449 3695 ambitiose
463 3638 644 3696 aediticabant
653 3647 680 3696 et

92 3712 243 3785 magnilica
257 3713 398 3769 ornabant
413 3728 483 3783 quos
499 3714 621 3784 majores
635 3730 681 3770 eo·

90 3784 678 3844 ruminterleccrnnt.Subditur:Etdicitis:

90 3858 123 3915 Si
133 3860 281 3926 fuissemus
291 3860 321 3912 in
333 3857 428 3911 diebus
442 3865 553 3927 potrum
571 3865 678 3914 nostro·

90 3946 163 3998 rain,
179 3949 232 3987 non
242 3945 359 3987 essemus
374 3932 441 3984 socii
456 3947 547 3985 eornm
562 3933 591 3986 ira
606 3949 677 3987 sart-

90 4005 177 4069 ertiae
191 4005 398 4074 Prophetarum.
409 4000 438 4056 id
450 4006 492 4056 est
506 4002 574 4057 socii
590 4004 626 4059 ad
642 4004 679 4059 cl-

92 4072 268 4131 lundendum
295 4073 464 4145 sangninem
493 4089 603 4141 eornm,
626 4091 677 4130 nec

93 4144 255 4203 fecissemus
263 4162 298 4203 ea
310 4163 374 4218 qua
390 4151 484 4218 patres
500 4145 589 4201 nostri
606 4146 677 4202 lece-

93 4221 203 4274 runt.ln
217 4221 271 4275 hoc
285 4224 381 4276 antem
396 4224 538 4276 testantur
551 4234 582 4273 se
602 4219 676 4275 filios

94 4304 195 4347 eorum
207 4290 254 4362 qui
271 4293 427 4364 Prophetas
436 4289 616 4360 occiderunt;
629 4307 678 4349 un·

729 402 765 459 de
779 398 927 473 subjungit
946 398 1099 457 Dominus
1121 416 1129 455 r
1152 402 1313 471 ltapnetrsti-

729 478 818 530 monio
833 476 900 528 estis
910 474 1142 543 uobismetipsis,
1157 475 1315 543 9111111ίὶ11-

728 550 765 603 tis
785 562 886 607 eoram,
906 549 958 616 qai
980 548 1146 616 Prophetes
1170 546 1313 601 occidental.

730 618 842 675 Scelcra
854 622 983 690 patrum,
995 626 1125 689 propter
1135 617 1257 689 speciem
1267 634 1315 673 saa·

729 690 843 758 ditatis,
856 692 941 747 rerbo
959 706 1016 745 suo
1030 690 1217 762 reprobant;
1232 698 1256 745 et
1268 707 1316 762 per-

729 763 875 833 sequendo
889 768 1021 823 sanctos.
1036 770 1072 818 ut
1087 762 1236 818 Christum
1248 770 1273 818 et
1284 762 1320 818 li·

728 834 852 906 scipulos
862 833 959 905 ipsine,
972 833 1084 890 eadem
1096 834 1210 890 scelera
1221 834 1320 895 iaciunt,

728 913 756 963 et
769 906 809 962 sic
822 908 895 961 lacto
908 909 1049 1032 probant,
1066 907 1141 978 quia
1152 906 1271 962 istorum
1281 905 1318 962 tilii

728 984 793 1034 serit
807 994 906 1034 nense
920 994 972 1034 nm
988 994 1096 1046 carne,
1109 980 1162 1034 sed
1178 978 1262 1034 etiam
1275 978 1321 1033 imi·

727 1050 846 1117 tatione,
859 1067 915 1106 non
931 1051 1029 1107 solunt
1045 1058 1198 1123 quantum
1209 1051 1245 1107 ad
1254 1060 1318 1106 natu·

728 1139 800 1191 ram,
821 1121 980 1178 sedetiam
1004 1132 1158 1193 quantum
1179 1123 1217 1179 ad
1232 1138 1319 1179 mores.

729 1197 791 1251 Non
803 1195 879 1249 enim
895 1210 944 1250 cos
960 1195 1112 1251 Dominus
1128 1194 1253 1261 incusat,
1268 1211 1319 1265 «pne

727 1267 805 1322 niam
818 1265 971 1337 sepulchra
985 1267 1142 1323 aedificant
1155 1285 1162 1335 ;
1179 1268 1231 1324 sed
1243 1267 1317 1322 inten-

727 1338 833 1394 tionem
848 1355 945 1394 eorum
957 1337 1174 1411 reprehendit,
1195 1338 1261 1410 quia
1276 1354 1317 1394 non

727 1416 844 1483 propter
870 1410 1010 1466 honorem
1037 1427 1147 1467 eornm
1176 1410 1225 1483 qui
1252 1409 1317 1467 occisi

728 1484 850 1549 luerunt,
866 1498 918 1539 nec
933 1489 1058 1554 propter
1068 1499 1207 1540 amorem
1222 1482 1317 1555 pietatis

730 1562 759 1612 et
772 1554 898 1610 veritatis
913 1555 966 1610 hoc
981 1556 1117 1611 lecerunt
1131 1575 1138 1621 ;
1153 1556 1207 1611 sed
1223 1562 1319 1627 propter

728 1643 855 1685 amorem
876 1643 955 1682 vanae
977 1626 1087 1692 laudis,
1110 1644 1205 1698 quant
1230 1628 1257 1682 in
1275 1629 1316 1682 hoc

728 1701 903 1769 perferebant.
915 1699 994 1756 Unde
1011 1702 1244 1769 chrysostomus.-
1254 1726 1265 1750 a
1275 1697 1317 1766 Qui

729 1775 883 1843 llartyrnm
903 1770 1041 1828 ecclesias
1066 1772 1222 1828 {edificant
1239 1778 1264 1826 el
1281 1786 1317 1825 ot·

728 1845 807 1911 nant,
827 1845 934 1899 bonum
954 1859 1027 1913 opus
1056 1844 1159 1901 lacere
1187 1844 1317 1905 ridentur,

731 1917 782 1973 sed
802 1915 825 1971 si
843 1914 958 1986 quidem
975 1922 1003 1970 et
1017 1915 1094 1972 alias
1120 1915 1268 1989 justitiam
1281 1914 1320 1972 bei

729 1986 909 2056 custodiunt,
925 1986 948 2042 si
970 1988 1110 2045 debonis
1139 2005 1241 2044 eornm
1261 2004 1320 2059 pau·

730 2077 812 2131 peres
827 2059 962 2129 gaudent,
980 2059 1003 2115 si
1029 2060 1161 2116 aliorum
1191 2061 1265 2117 bna
1279 2075 1320 2131 per

729 2131 893 2188 violentiam
904 2148 958 2187 non
974 2132 1162 2200 lacinntsua,
1178 2131 1319 2203 scitoquia

729 2205 766 2261 ad
782 2204 902 2276 gloriam
920 2203 968 2259 Dei
984 2203 1151 2273 aedihcaut3
1170 2205 1322 2270 sinautem,

730 2277 793 2348 quis
810 2293 868 2331 non
882 2276 1035 2346 intelligat,
1052 2276 1124 2347 quia
1143 2295 1203 2334 non
1221 2277 1256 2331 ad
1270 2276 1320 2346 glo

729 2349 801 2404 riam
830 2347 878 2403 llei
905 2347 1009 2403 sariunt
1036 2348 1168 2405 aedilicia
1202 2348 1262 2414 itta,
1281 2345 1323 2403 sel

729 2420 1075 2492 propteraestimationem
1090 2422 1254 2478 humanam
1265 2418 1324 2475 adi·

730 2494 817 2549 latrant
829 2492 929 2547 altaria
940 2494 1109 2563 Martyrum,
1123 2493 1173 2550 ubi
1188 2506 1320 2563 pauperes

729 2567 804 2638 passi
822 2562 984 2619 violentiam
1009 2564 1110 2619 abeis
1136 2564 1316 2637 interpellant

730 2642 829 2693 contra
842 2636 917 2692 eos?
932 2638 994 2691 Non
1009 2634 1086 2691 euim
1104 2637 1238 2707 gandent
1256 2638 1320 2691 tlar-

733 2716 819 2780 tprcs‚
834 2708 948 2779 qnando
963 2724 996 2763 ex
1010 2707 1077 2775 illis,
1088 2707 1227 2779 pecuniis
1241 2709 1324 2764 bono·

732 2794 841 2845 rantur,
850 2779 880 2835 in
895 2780 997 2851 quibus
1009 2796 1154 2852 pauperes
1165 2781 1322 2852 plorabunt

731 2851 841 2909 Etenim
856 2850 948 2923 qualis
959 2856 1003 2908 est
1019 2851 1072 2907 ista
1083 2852 1217 2921 justitia,
1232 2867 1320 2908 muue-

732 2942 794 2981 rare
825 2930 962 2990 mortuos,
983 2928 1011 2979 et
1028 2924 1157 2995 spoliare
1182 2925 1321 2990 virentes;

732 2997 767 3052 de
790 2995 927 3066 sauguine
953 2995 1128 3052 miserorum
1159 2998 1273 3061 tollere,
1298 2999 1321 3050 et

733 3071 790 3125 Deo
807 3068 928 3124 ollerrel
944 3068 1014 3123 Illud
1033 3084 1090 3124 non
1106 3073 1152 3124 est
1168 3071 1230 3125 Deo
1244 3068 1319 3124 oller·

732 3158 774 3206 re,
789 3141 846 3202 sed
862 3140 933 3195 rclle
955 3139 1100 3196 violentiae
1131 3157 1193 3197 sure
1219 3139 1318 3197 socium

734 3214 826 3269 lacere
850 3214 949 3280 Deum,
966 3217 997 3267 nt
1023 3227 1089 3267 cum
1117 3213 1250 3269 oblatam
1275 3207 1319 3267 sibi

734 3283 884 3357 pecuniam
904 3286 938 3339 dc
960 3291 1075 3354 peccato
1096 3283 1226 3340 libenter
1252 3297 1320 3340 acre·

735 3357 820 3429 perit,
833 3354 991 3411 consentiat
1007 3355 1034 3410 ln
1049 3362 1179 3428 peccato.
1197 3356 1247 3412 Vis
1261 3367 1319 3424 ergo

738 3429 852 3485 domum
874 3426 922 3483 Dei
942 3427 1109 3483 ediliceret
1131 3430 1171 3484 [ta
1195 3427 1319 3483 fidelibus

735 3501 909 3572 pauperibus
924 3499 1000 3555 unde
1013 3499 1120 3568 rirant,
1137 3505 1167 3556 et
1178 3493 1317 3556 aedrlirasti

736 3571 936 3629 rationabilem
959 3571 1078 3627 domum
1106 3571 1166 3627 Dei.
1189 3575 1222 3628 ln
1237 3568 1317 3628 aedili-

736 3644 785 3700 ciis
813 3644 888 3700 enim
922 3642 1052 3699 homines
1078 3643 1225 3712 habitant,
1255 3646 1317 3698 bens

736 3721 832 3772 autem
852 3715 880 3771 in
903 3714 1066 3772 hominibus
1090 3715 1209 3771 sancus.
1227 3713 1317 3784 Quales

737 3803 804 3858 ergo
823 3787 863 3843 illi
880 3794 954 3851 sunt,
972 3786 1018 3858 qui
1040 3787 1174 3843 homines
1191 3787 1316 3860 spoliant,

736 3866 764 3916 et
780 3859 932 3916 aedilicium
952 3861 1107 3931 Martyrum
1125 3858 1255 3928 iaciunt3
1274 3859 1316 3914 ba·

736 3931 888 3988 hilariones
919 3932 1067 3987 homiuum
1089 3932 1316 4007 ¹componente

736 4003 928 4059 habitationes
945 4001 995 4059 Dei
1006 4002 1192 4060 disturbant?
1208 4004 1318 4071 Qute'est

736 4081 831 4131 aulem
841 4075 953 4145 justitia
968 4076 1087 4131 Sanctos
1100 4074 1247 4143 colere,et
1261 4088 1318 4130 con·

736 4154 864 4203 temnere
876 4146 1081 4203 sanctitatem?
1093 4147 1138 4202 Pri
1145 4163 1207 4204 mus
1222 4145 1319 4219 grades

736 4217 850 4301 pietatis
864 4224 908 4276 est
931 4219 1112 4276 sanctitatem
1131 4218 1264 4293 diligere,
1278 4217 1320 4274 dc·

734 4292 802 4350 inde
816 4294 934 4350 sanctos
947 4307 955 4362 3
969 4289 1037 4365 quia
1053 4306 1113 4354 nea
1135 4292 1235 4351 Sancti
1260 4294 1320 4350 ante
