2820 4928
148 370 194 424 m
630 361 734 416 lllllllll
763 361 909 417 ctrlrull

183 536 297 596 CAPUT
313 538 346 593 ll.
364 565 397 578 -
412 538 450 590 lle
463 548 548 591 causo
560 531 721 588 dimittendi
733 538 894 600 uxoremst
906 531 940 586 de
950 533 1088 603 porculis
1102 535 1225 589 Domitio
1238 531 1340 587 oium.

168 708 233 762 1De
247 704 364 762 Galilaea
386 701 490 761 transit
512 704 592 759 lesus
611 701 642 759 in
818 706 1060 772 tractaanatnra‚
1071 718 1174 760 acasu
1186 703 1231 759 rel
1242 702 1295 758 rio·

181 776 254 832 fines
275 776 381 834 Judreae
400 774 586 845 infirmosque
603 770 643 830 ibi
819 772 917 841 lentie,
932 789 950 830 a
976 773 1130 831 voluntate
1147 781 1178 831 et
1191 772 1293 846 gratia.
1341 795 1365 841 7⁰

181 851 273 904 curat.
698 846 734 899 88
801 849 818 899 6
851 843 1008 902 Consilium
1045 846 1186 918 periectae
1219 845 1292 901 obe-

163 919 250 974 oCur
275 921 385 991 Moyses
410 916 539 991 permisit
563 916 644 974 libel·
819 914 937 998 dientiae
964 922 993 974 et
1013 915 1192 974 humilitatis
1212 915 1295 973 datur

179 989 238 1046 lum
262 989 401 1072 repudii„
417 991 545 1046 Christus
573 1003 641 1044 vero
819 1002 872 1115 Fer
886 989 1173 1045 commendationem
1189 1004 1294 1060 parru-

161 1061 558 1215 5nC⁰gn¹sjielirr¹rnrr¹rsecfllst11Ylinentiae
581 1146 643 1203 per·
697 1064 732 1132 6⁹
802 1073 923 1212 7033
936 1146 1025 1187 sensu
1056 1129 1196 1188 imitandi
1227 1136 1293 1187 sunl
1342 1083 1363 1128 μ

179 1204 259 1260 lecte
295 1209 479 1261 matrimonio
516 1206 642 1275 antepo-
820 1217 913 1274 pueri.
1340 1224 1364 1272 7²

182 1275 294 1332 nendae.
698 1296 732 1346 70
802 1273 987 1330 8llumilium
1009 1272 1150 1346 dignitas.
1339 1296 1365 1343 7³

160 1348 250 1413 dCur
264 1363 321 1404 non
341 1362 441 1403 omnes
454 1361 557 1418 capere
574 1361 642 1473 pos·
801 1369 818 1418 9
855 1344 991 1402 Dominus
1019 1345 1150 1417 parvulis
1187 1361 1291 1402 manus

179 1416 237 1473 sint
251 1417 434 1475 continentias
449 1419 567 1475 verbum
699 1438 733 1488 70
818 1413 969 1486 imponens
985 1415 1229 1474 confirmationis
1248 1434 1291 1473 sa·

162 1488 377 1546 scontinentia
402 1489 505 1561 triplex
535 1506 541 1546 :
572 1503 644 1544 con·
819 1486 1146 1548 cramentuminstituit.
1339 1493 1366 1558 75

414 1700 528 1755 CAPUT
548 1700 592 1755 lll.
613 1728 646 1741 -
665 1701 704 1755 ilc
716 1701 885 1772 perfectione
901 1703 1088 1773 paupertatis.

164 1890 279 1946 rNemo
305 1890 410 1957 bonus,
430 1886 484 1944 nisi
508 1887 585 1945 solus
610 1894 639 1944 et
804 1895 819 1945 5
840 1891 894 1947 Per
917 1889 1063 1961 sequelam
1087 1888 1196 1948 Christi
1223 1908 1290 1948 con-

176 1976 249 2018 unus
267 1961 351 2018 Deus.
819 1965 978 2018 summetur
989 1961 1138 2033 perfectio.
1340 1970 1366 2034 78

159 2031 242 2091 illia
266 2030 429 2089 necessaria
451 2031 489 2086 ad
514 2031 604 2087 vitam
629 2049 637 2086 t
801 2038 817 2090 8
842 2031 935 2089 Nimia
963 2037 1145 2090 terrenarum
1172 2051 1288 2107 posses

177 2103 377 2160 mandatorum
392 2101 565 2159 observatio.
693 2109 728 2174 74
818 2101 930 2161 sionum
964 2103 1077 2160 dilectio
1109 2111 1156 2162 est
1187 2107 1287 2178 perle-

157 2182 174 2233 5
205 2177 245 2232 lle
273 2174 372 2232 decem
400 2173 535 2244 Decalogi
562 2188 639 2245 prae·
817 2174 919 2232 ctionis
931 2174 1180 2248 impedimentum.
1337 2203 1362 2251 77

179 2246 293 2327 ceptis„
403 2275 405 2279 ν
800 2271 816 2321 7
842 2247 941 2303 illodus
967 2246 1143 2329 quadruplex
1169 2254 1285 2323 tempo-

159 2315 345 2386 lConsrhum
367 2314 498 2385 periectae
519 2329 639 2386 pauper·
818 2317 890 2375 ralia
902 2317 1068 2390 aspiciendi.
1336 2327 1363 2393 78

177 2389 255 2444 tatis.
694 2395 728 2462 75
801 2389 936 2447 80mnia
950 2390 1025 2446 bona
1044 2405 1133 2460 opera
1155 2391 1301 2452 iacienda.
1336 2397 1363 2464 78

364 2617 478 2674 CAPUT
492 2616 550 2674 ltll.
567 2647 601 2656 -
616 2619 655 2672 lle
667 2614 810 2672 duodecim
823 2616 948 2671 emoliit
960 2616 1148 2684 Eumapelicis.

160 2827 168 2861 r
188 2803 297 2861 Relatio
316 2801 499 2861 consiliorum
513 2805 637 2874 Evange·
797 2806 813 2857 6
829 2802 1017 2874 Comparatur
1037 2802 1215 2861 carbunculo
1235 2823 1281 2863 ca·

174 2874 202 2930 lii
218 2875 254 2932 ad
267 2879 421 2947 precepta.
690 2896 725 2947 79
814 2874 894 2943 ritas,
905 2875 1064 2946 amethysto
1074 2877 1280 2948 mansuetudo,

159 2968 172 3001 2
189 2948 241 3003 Sex
256 2945 348 3020 prima
370 2945 489 3004 consilia
509 2947 635 3018 Evange·
813 2948 842 3001 et
856 2943 999 3018 onychino
1014 2944 1224 3004 misericordia.
1331 2957 1357 3006 aa

176 3017 240 3075 lica.
690 3040 725 3092 79
799 3040 814 3089 7
851 3017 1039 3091 comparatur
1066 3016 1180 3090 jaspide
1218 3035 1280 3077 ser·

157 3094 172 3144 3
197 3091 249 3146 Sex
275 3090 374 3148 ultima
399 3088 518 3147 consilia
543 3090 635 3146 Evan·
814 3087 908 3146 monis
934 3086 1112 3161 simplicitas,
1137 3090 1173 3146 ch
1210 3092 1278 3148 soli-

176 3160 275 3231 gelica.
690 3166 725 3218 8ο
813 3161 862 3216 tho
890 3157 1047 3217 occasionis
1074 3175 1180 3232 peccan
1206 3161 1213 3173 “
1241 3163 1278 3219 vi·

156 3237 171 3298 l
201 3233 267 3289 liaec
298 3231 418 3290 consilia
444 3232 539 3289 iacilia
568 3233 635 3289 red·
812 3229 893 3300 tatio,
924 3236 953 3288 et
976 3229 1076 3289 berillo
1108 3230 1279 3292 intentionis

174 3304 245 3359 dunt
283 3302 370 3359 timor
412 3303 461 3360 Dei
503 3305 634 3377 bonaque
812 3301 963 3360 rectitudo.
1330 3312 1358 3364 88

174 3375 361 3430 consuetudo.
688 3379 719 3430 8ι
795 3380 811 3430 8
837 3376 918 3443 ltem,
940 3380 1124 3446 comparatur
1145 3374 1277 3447 lyncurio

156 3449 170 3496 5
191 3444 379 3512 comparatur
405 3460 436 3499 sa
457 3446 539 3516 phiro
563 3462 633 3517 pau·
812 3444 941 3502 doctrina
956 3444 1179 3515 concionatoris,
1194 3450 1277 3507 acha·

171 3519 276 3586 pertas.
292 3513 403 3594 topazio
416 3459 590 3584 odedientia,
603 3524 633 3572 et
812 3522 839 3573 te
860 3515 1015 3583 humilitas,
1042 3521 1071 3573 et
1089 3517 1187 3574 sardio
1213 3521 1277 3578 tra-

171 3584 322 3657 smaragdo
334 3589 459 3642 castitas.
685 3591 718 3643 δα
812 3592 894 3645 terna
908 3586 1059 3660 correptio.
1329 3601 1357 3660 tt

130 3805 244 3861 CAPUT
258 3805 329 3860 xlll.
344 3835 379 3845 -
393 3806 432 3859 De
450 3803 617 3873 difficultate
635 3809 662 3860 ct
680 3805 905 3876 impossibilitate
920 3806 1047 3860 intrandi
1065 3807 1181 3863 diuitem
1200 3811 1231 3866 in
1249 3827 1354 3882 repnum

211 3877 347 3947 coelorum,
355 3880 380 3931 et
393 3875 428 3930 de
439 3878 552 3945 premio
565 3878 781 3949 relinquentium
795 3878 887 3932 omnio
901 3883 927 3932 ct
939 3881 1111 3948 sequentium
1128 3880 1281 3939 Christum.

148 4086 158 4118 1
176 4063 266 4129 Quam
283 4062 409 4120 difficilis
426 4061 463 4120 sit
477 4059 557 4118 diviti
577 4060 623 4118 iu·
790 4086 804 4121 η
822 4063 956 4122 Avaritiae
980 4063 1078 4139 lugam
1092 4066 1197 4124 suadet
1220 4069 1272 4127 Do·

161 4150 276 4205 gressus
301 4134 382 4207 regni
411 4132 546 4191 coelorum
572 4147 623 4206 per
808 4136 913 4194 minus.
1324 4150 1351 4214 87

160 4204 509 4277 comparationemcameli
521 4208 624 4261 otacus
786 4208 890 4278 douid
907 4209 944 4266 sit
964 4209 1062 4268 omnia
1078 4211 1272 4286 relinqueret
1323 4220 1350 4285 87

161 4274 309 4333 foraminis
325 4277 496 4334 ostenditur.
677 4281 712 4333 85
786 4285 801 4347 t
822 4279 948 4338 Primum
969 4281 1117 4354 premium
1138 4285 1269 4358 relinqu·

83 4558 163 4638 t
